@inproceedings{Orsag2009a,
    title = {{Hybrid control of quadrotor}},
    shorttitle = {Control and Automation, 2009. MED '09. 17th Medite},
    year = {2009},
    booktitle = {2009 17th Mediterranean Conference on Control and Automation},
    author = {Orsag, Matko and Bogdan, Stjepan},
    pages = {1239--1244},
    publisher = {IEEE},
    url = {http://ieeexplore.ieee.org/lpdocs/epic03/wrapper.htm?arnumber=5164716},
    isbn = {978-1-4244-4684-1},
    doi = {10.1109/MED.2009.5164716}
}

@inproceedings{Orsag2010,
    title = {{Hybrid fly-by-wire quadrotor controller}},
    year = {2010},
    booktitle = {IEEE International Symposium on Industrial Electronics},
    author = {Orsag, Matko and Poropat, Marina and Bogdan, Stjepan},
    pages = {202--207},
    keywords = {Hybrid control, Rotorcraft, Unmanned aerial vehicle}
}

@inproceedings{Orsag2009b,
    title = {{Hybrid control of Quadrotor}},
    year = {2009},
    booktitle = {17th Mediterranean Conference on Control {\&} Automation},
    author = {Orsag, Matko and Bogdan, Stjepan},
    pages = {1239--1244},
    volume = {1},
    isbn = {9781424446858},
    doi = {10.1109/MED.2009.5164716},
    keywords = {Aerospace control, Discrete event systems, Hybrid systems}
}

@inproceedings{Korpela2013,
    title = {{Towards the realization of mobile manipulating unmanned aerial vehicles (MM-UAV): Peg-in-hole insertion tasks}},
    year = {2013},
    booktitle = {IEEE Conference on Technologies for Practical Robot Applications, TePRA},
    author = {Korpela, Christopher and Brahmbhatt, Pareshkumar and Orsag, Matko and Oh, Paul},
    issn = {23250526}
}

@inproceedings{Orsag2013b,
    title = {{Lyapunov based model reference adaptive control for aerial manipulation}},
    year = {2013},
    booktitle = {2013 International Conference on Unmanned Aircraft Systems (ICUAS)},
    author = {Orsag, Matko and Korpela, Christopher and Bogdan, Stjepan and Oh, Paul},
    pages = {966--973},
    publisher = {IEEE},
    url = {http://ieeexplore.ieee.org/lpdocs/epic03/wrapper.htm?arnumber=6564783},
    isbn = {978-1-4799-0817-2},
    doi = {10.1109/ICUAS.2013.6564783},
    keywords = {Air Vehicle Operations, Control Architectures, Payloads}
}

@article{Koller1998,
    title = {{Our experience with the use of cerium sulphadiazine in the treatment of extensive burns}},
    year = {1998},
    journal = {Acta Chirurgiae Plasticae},
    author = {Koller, J. and Orsag, M.},
    number = {3},
    pages = {73--75},
    volume = {40},
    pmid = {9782621},
    keywords = {Cerium sulphadiazine, Extensive burns, Topical treatment}
}

@article{OrsagM.2011,
    title = {{Transpiration and biomass increment in short rotation Poplar coppice}},
    year = {2011},
    journal = {MENDELNET 2011},
    author = {Ors{\'{a}}g M., Trnka M.},
    pages = {688--693},
    url = {http://mnet.mendelu.cz/mendelnet2011/articles/27_orsag_516.pdf},
    keywords = {biomass increment, poplar, sap-flow, short rotation coppice, transpiration}
}

@misc{Koller2006,
    title = {{Skin grafting options at the Burn and Reconstructive Surgery Department of the Faculty Hospital in Bratislava}},
    year = {2006},
    booktitle = {Acta Chirurgiae Plasticae},
    author = {Koller, JÃ¡n and Ors{\'{a}}g, M.},
    number = {2},
    pages = {65--71},
    volume = {48},
    pmid = {16999270},
    keywords = {Allografts, Amnion, Burns, Cultured keratinocytes, Skin replacement, Xenografts}
}

@article{Orsag2011,
    title = {{Modeling, simulation and control of a spincopter}},
    year = {2011},
    journal = {2011 IEEE International Conference on Robotics and Automation},
    author = {Orsag, M. and Bogdan, S. and Haus, T. and Bunic, M. and Krnjak, A.},
    pages = {2998--3003},
    publisher = {IEEE},
    institution = {Laboratory for Robotics and Intelligent Control Systems - LARICS, Dept. of Control and Computer Engineering, Faculty of Electrical Engineering and Computing, University of Zagreb, Croatia},
    isbn = {978-1-61284-380-3},
    doi = {10.1109/ICRA.2011.5980234},
    issn = {1050-4729}
}

@article{Orsag2009,
    title = {{Hybrid control of quadrotor}},
    year = {2009},
    journal = {2009 17th Mediterranean Conference on Control and Automation},
    author = {Orsag, M. and Bogdan, S.},
    isbn = {978-1-4244-4684-1},
    doi = {10.1109/MED.2009.5164716},
    keywords = {Hybrid control, Rotorcraft, Unmanned aerial vehicle}
}

@inproceedings{Kovacic2010,
    title = {{Light-weight mobile robot for hydrodynamic treatment of concrete and metal surfaces}},
    year = {2010},
    booktitle = {2010 1st International Conference on Applied Robotics for the Power Industry, CARPI 2010},
    author = {Kovacic, Zdenko and Balac, Borislav and Flegaric, Stjepan and Brkic, Kristijan and Orsag, Matko}
}

@misc{Haus2013,
    title = {{Spincopter surveillance}},
    year = {2013},
    booktitle = {Youtube},
    author = {Haus, T. and Orsag, M. and Bogdan, S.},
    url = {http://www.youtube.com/watch?v=v_pYDvfOAAo}
}

@article{Orsag2013a,
    title = {{Spincopter Wing Design and Flight Control}},
    year = {2013},
    journal = {Journal of Intelligent {\&} Robotic Systems},
    author = {Orsag, M and Cesic, J and Haus, T and Bogdan, S},
    number = {1-4},
    pages = {165--179},
    volume = {70},
    url = {<Go to ISI>://WOS:000312642600013\nhttp://download.springer.com/static/pdf/388/art%253A10.1007%252Fs10846-012-9725-2.pdf?auth66=1381600424_8687fd190e4c454e8f6201fc7a95332e&ext=.pdf},
    isbn = {0921-0296},
    doi = {10.1007/s10846-012-9725-2},
    issn = {0921-0296}
}

@article{Ioannis,
    title = {{Progress in quadrupedal trotting with active compliance}},
    journal = {Dynamic Walking 2012},
    author = {Ioannis, Havoutis and Claudio, Semini and Jonas, Buchli and Darwin, Caldwell}
}

@book{Beutelspacher1998,
    title = {{Projective Geometry: From Foundations to Applications}},
    year = {1998},
    author = {Beutelspacher, A and Rosenbaum, U},
    publisher = {Cambridge University Press},
    isbn = {9780521483643}
}

@article{OrsagMatko2010,
    title = {{Hybrid Fly-by-Wire Quadrotor Controller}},
    year = {2010},
    journal = {Automatika},
    author = {Orsag Matko Poropat Marina, Bogdan Stjepan},
    number = {51},
    pages = {19--32},
    volume = {1}
}

@inproceedings{Justin2014,
    title = {{Toward Image Based Visual Servoing for Aerial Grasping and Perching}},
    year = {2014},
    booktitle = {In Proceedings of 2014 IEEE International Conference on Robotics {\&} Automation (ICRA)},
    author = {Justin, Thomas and Giuseppe, Loianno and Koushil, Sreenath and Vijay, Kumar},
    pages = {2113--2118}
}

@book{Sheridan2002,
    title = {{Humans and automation: System design and research issues}},
    year = {2002},
    author = {Sheridan, Thomas B},
    publisher = {John Wiley {\&} Sons, Inc.}
}

@inproceedings{Pounds2011a,
    title = {{The Yale Aerial Manipulator: Grasping in flight}},
    year = {2011},
    booktitle = {Robotics and Automation (ICRA), 2011 IEEE International Conference on},
    author = {Pounds, P E I and Bersak, D R and Dollar, A M},
    pages = {2974--2975},
    doi = {10.1109/ICRA.2011.5980477},
    issn = {1050-4729},
    keywords = {Yale aerial manipulator;aircraft stability;flight}
}

@article{Kanatani1993,
    title = {{3D interpretation of conics and orthogonality}},
    year = {1993},
    journal = {CVGIP: Image Underst.},
    author = {Kanatani, Kenichi and Liu, Wu},
    number = {3},
    pages = {286--301},
    volume = {58},
    publisher = {Academic Press, Inc.},
    address = {Orlando, FL, USA},
    doi = {10.1006/ciun.1993.1043},
    issn = {1049-9660}
}

@article{Klein2005,
    title = {{Common ground and coordination in joint activity}},
    year = {2005},
    journal = {Organizational simulation},
    author = {Klein, Gary and Feltovich, Paul J and Bradshaw, Jeffrey M and Woods, David D},
    volume = {53},
    publisher = {John Wiley {\&} Sons, Inc.}
}

@misc{PrimeSense.b,
    title = {{No Title}},
    author = {{PrimeSense.}},
    url = {http://www.primesense.com.}
}

@inproceedings{Palunko2012a,
    title = {{Trajectory generation for swing-free maneuvers of a quadrotor with suspended payload: A dynamic programming approach}},
    year = {2012},
    booktitle = {Robotics and Automation (ICRA), 2012 IEEE International Conference on},
    author = {Palunko, I and Fierro, R and Cruz, P},
    pages = {2691--2697},
    doi = {10.1109/ICRA.2012.6225213},
    issn = {1050-4729},
    keywords = {autonomous aerial vehicles;dynamic programming;hel}
}

@book{Vukic2003,
    title = {{Nonlinear Control Systems}},
    year = {2003},
    author = {Vukic, Z},
    series = {Automation and Control Engineering},
    publisher = {Taylor {\&} Francis},
    isbn = {9780203912652}
}

@inproceedings{Ishida2012,
    title = {{Marker based camera pose estimation for underwater robots}},
    year = {2012},
    booktitle = {System Integration (SII), 2012 IEEE/SICE International Symposium on},
    author = {Ishida, M and Shimonomura, K},
    pages = {629--634},
    doi = {10.1109/SII.2012.6427353},
    keywords = {augmented reality;pose estimation;public domain so}
}

@article{Anderson1981,
    title = {{Historical Overview of V/STOL Aircraft Technology}},
    year = {1981},
    journal = {NASA Technical Memorandum},
    author = {Anderson, S B}
}

@inproceedings{Pentenrieder2007,
    title = {{Augmented Reality-based factory planning - an application tailored to industrial needs}},
    year = {2007},
    booktitle = {Mixed and Augmented Reality, 2007. ISMAR 2007. 6{\textbackslash}textsuperscript{\{}th{\}} IEEE and ACM International Symposium on},
    author = {Pentenrieder, K and Bade, C and Doil, F and Meier, P},
    pages = {31--42},
    doi = {10.1109/ISMAR.2007.4538822},
    keywords = {augmented and virtual realities;J.2 [Physical Sci, augmented reality;automobile industry;production e}
}

@misc{RoboticsStatisticalDepartment2013,
    title = {{World of Robots 2013}},
    year = {2013},
    author = {of Robotics Statistical Department, The International Federation},
    howpublished = {{\textbackslash}url{\{}http://www.worldrobotics.org/{\}}}
}

@article{Stirban2012,
    title = {{Motion-Sensorless Control of BLDC-PM Motor With Offline {\{}FEM{\}}-Information-Assisted Position and Speed Observer}},
    year = {2012},
    journal = {Industry Applications, IEEE Transactions on},
    author = {Stirban, A and Boldea, I and Andreescu, G},
    number = {6},
    pages = {1950--1958},
    volume = {48},
    doi = {10.1109/TIA.2012.2226194},
    issn = {0093-9994},
    keywords = {DC motor drives;angular velocity control;brushless}
}

@article{Wllmnn2012,
    title = {{{\{}A{\}}erial {\{}R{\}}obotic {\{}C{\}}onstruction: {\{}T{\}}owards a {\{}N{\}}ew {\{}F{\}}ield of {\{}A{\}}rchitectural {\{}R{\}}esearch}},
    year = {2012},
    journal = {International journal of architectural computing},
    author = {Willmann, Jan and Augugliaro, Federico and Cadalbert, Thomas and D{\textbackslash}textquoterightAndrea, Raffaello and Gramazio, Fabio and Kohler, Matthias},
    number = {3},
    pages = {439--460},
    volume = {10}
}

@article{Jusufi2010,
    title = {{Righting and turning in mid-air using appendage inertia: reptile tails, analytical models and bio-inspired robots}},
    year = {2010},
    journal = {Bioinspiration {\&} Biomimetics},
    author = {Jusufi, A and Kawano, D T and Libby, T and Full, R J},
    number = {4},
    pages = {45001},
    volume = {5}
}

@incollection{Bradshaw2004,
    title = {{Dimensions of Adjustable Autonomy and Mixed-Initiative Interaction}},
    year = {2004},
    booktitle = {Agents and Computational Autonomy},
    author = {Bradshaw, JeffreyM. and Feltovich, PaulJ. and Jung, Hyuckchul and Kulkarni, Shriniwas and Taysom, William and Uszok, Andrzej},
    editor = {Nickles, Matthias and Rovatsos, Michael and Weiss, Gerhard},
    pages = {17--39},
    series = {Lecture Notes in Computer Science},
    volume = {2969},
    publisher = {Springer Berlin Heidelberg},
    isbn = {978-3-540-22477-8},
    doi = {10.1007/978-3-540-25928-2{\_}3}
}

@inproceedings{Nikola2014,
    title = {{Unmanned marsupial sea- air system for object recovery}},
    year = {2014},
    booktitle = {In Proceedings 22{\textbackslash}textsuperscript{\{}nd{\}} Mediterranean Conference on Control and Automation},
    author = {Nikola, Miskovic and Stjepan, Bogdan and Dula, Nad and Filip, Mandic and Matko, Orsag and Tomislav, Haus}
}

@inproceedings{Pounds2011,
    title = {{Grasping from the air: Hovering capture and load stability}},
    year = {2011},
    booktitle = {Proc. IEEE Int Robotics and Automation (ICRA) Conf},
    author = {Pounds, P E I and Bersak, D R and Dollar, A M},
    pages = {2491--2498},
    doi = {10.1109/ICRA.2011.5980314}
}

@inproceedings{Faust2013,
    title = {{Learning swing-free trajectories for {\{}UAV{\}}s with a suspended load}},
    year = {2013},
    booktitle = {Robotics and Automation (ICRA), 2013 IEEE International Conference on},
    author = {Faust, A and Palunko, I and Cruz, P and Fierro, R and Tapia, L},
    pages = {4902--4909},
    doi = {10.1109/ICRA.2013.6631277},
    issn = {1050-4729},
    keywords = {autonomous aerial vehicles;helicopters;learning (a}
}

@book{Slotine1991,
    title = {{Applied Nonlinear Control}},
    year = {1991},
    author = {Slotine, J J E and Li, W},
    series = {Prentice-Hall International Editions},
    publisher = {Prentice-Hall},
    url = {http://books.google.hr/books?id=HddxQgAACAAJ},
    isbn = {9780130400499}
}

@misc{Yedamale2003,
    title = {{Brushless {\{}DC{\}} (BLDC) Motor Fundamentals}},
    year = {2003},
    author = {Yedamale, Padmaraja},
    howpublished = {Microchip Application Note AN885}
}

@inproceedings{Orsag2014a,
    title = {{Valve Turning using a Dual-Arm Aerial Manipulator}},
    year = {2014},
    booktitle = {Unmanned Aircraft Systems (ICUAS), 2014 International Conference on},
    author = {Orsag, M and Korpela, C and Bogdan, S and Oh, P},
    pages = {Under Review}
}

@article{Prewett2012,
    title = {{A Meta-Analysis of Vibrotactile and Visual Information Displays for Improving Task Performance Systems, Man, and Cybernetics}},
    year = {2012},
    journal = {IEEE Transactions on Applications and Reviews},
    author = {Prewett, M S and Elliott, L R and Walvoord, A G and Coovert, M D},
    pages = {123--132},
    volume = {42}
}

@inproceedings{Mutka2012,
    title = {{Elliptical motion method for robust quadrupedal locomotion}},
    year = {2012},
    booktitle = {CCA},
    author = {Mutka, Alan and Petric, Frano and Reichenbach, Tomislav and Kovacic, Zdenko},
    pages = {1032--1038}
}

@book{Zeglin1991,
    title = {{Uniroo--a One Legged Dynamic Hopping Robot}},
    year = {1991},
    author = {Zeglin, G J},
    publisher = {Massachusetts Institute of Technology, Department of Mechanical Engineering}
}

@inproceedings{Mutka2013,
    title = {{Stabilizing a quadruped robot locomotion using a two degree of freedom tail}},
    year = {2013},
    booktitle = {Control Automation (MED), 2013 21{\textbackslash}textsuperscript{\{}st{\}} Mediterranean Conference on},
    author = {Mutka, A and Orsag, M and Kovacic, Z},
    pages = {1336--1342},
    doi = {10.1109/MED.2013.6608893},
    keywords = {legged locomotion;motion control;robot dynamics;ro}
}

@article{Michael2011,
    title = {{Cooperative manipulation and transportation with aerial robots}},
    year = {2011},
    journal = {Autonomous Robots},
    author = {Michael, N and Fink, J and Kumar, V},
    pages = {73--86},
    volume = {30}
}

@article{Walker1998,
    title = {{Balance in the cat: role of the tail and effects of sacrocaudal transection}},
    year = {1998},
    journal = {Behavioural Brain Research},
    author = {Walker, Curt and Jr., Charles J Vierck and Ritz, Louis A},
    pages = {41--47},
    volume = {91},
    doi = {10.1016/S0166-4328(97)00101-0},
    issn = {0166-4328},
    keywords = {Balance}
}

@inproceedings{Bouabdallah2004b,
    title = {{{\{}PID{\}} vs LQ Control Techniques Applied to an Indoor Micro Quadrotor}},
    year = {2004},
    booktitle = {Proc. of The IEEE International Conference on Intelligent Robots and Systems (IROS)},
    author = {Bouabdallah, S and Noth, A and Siegwart, R}
}

@article{Sayyad,
    title = {{Single-legged hopping robotics researchï¿½A review}},
    journal = {Robotica},
    author = {Sayyad, Ajij and Seth, B and Seshu, P},
    number = {05},
    pages = {587--613},
    volume = {25},
    url = {http://dx.doi.org/10.1017/S0263574707003487},
    doi = {10.1017/S0263574707003487},
    issn = {1469-8668}
}

@techreport{Johnston2002,
    title = {{Application of cognitive load theory to developing a measure of team decision efficiency}},
    year = {2002},
    author = {Johnston, Joan H and Fiore, Stephen M and Paris, Carol and Smith, C A},
    institution = {DTIC Document}
}

@inproceedings{Torre2012,
    title = {{A prototype of aerial manipulator}},
    year = {2012},
    booktitle = {Intelligent Robots and Systems (IROS), 2012 IEEE/RSJ International Conference on},
    author = {Torre, A and Mengoli, D and Naldi, R and Forte, F and Macchelli, A and Marconi, L},
    pages = {2653--2654},
    doi = {10.1109/IROS.2012.6386279},
    issn = {2153-0858},
    keywords = {aerospace robotics;aircraft landing guidance;ducts}
}

@techreport{Harrison2013,
    title = {{Unmanned Aircraft Systems (UAS): Manufacturing Trends}},
    year = {2013},
    author = {Harrison, Glennon J},
    institution = {Congressional Research Service}
}

@inproceedings{Hoffmann2007,
    title = {{Quadrotor helicopter flight dynamics and control: Theory and experiment}},
    year = {2007},
    booktitle = {In Proc. of the AIAA Guidance, Navigation, and Control Conference},
    author = {Hoffmann, Gabriel M and Huang, Haomiao and Wasl, Steven L and Tomlin, Er Claire J}
}

@inproceedings{Abeje2014,
    title = {{Exploiting the Dynamics of a Robotic Manipulator for Control of {\{}UAV{\}}s}},
    year = {2014},
    booktitle = {In Proceedings of 2014 IEEE International Conference on Robotics {\&} Automation (ICRA)},
    author = {Abeje, Y Mersha and Stefano, Stramigioli and Raffaella, Carloni},
    pages = {1741--1747}
}

@inproceedings{Stingu2009,
    title = {{Design and implementation of a structured flight controller for a 6DoF quadrotor using quaternions}},
    year = {2009},
    booktitle = {Proc.of the 17. Mediterranean Conference on Control and Automation, (MED)},
    author = {Stingu, E and Lewis, F}
}

@inproceedings{Orsag2012a,
    title = {{Modeling and Control of {\{}M{\}}{\{}M{\}}-{\{}U{\}}{\{}A{\}}{\{}V{\}}: Mobile Manipulating Unmanned Aerial Vehicle}},
    year = {2012},
    booktitle = {Proc.International Conference on Unmanned Aircraft Systems, ICUAS},
    author = {Orsag, Matko and Korpela, Christopher and Oh, Paul}
}

@techreport{Fucek2014a,
    title = {{16{\~{}}{\{}PW{\}}M Board for:Haptic rumble motor array}},
    year = {2014},
    author = {Fucek, L and Vukicevic, A and Vukicevic, J},
    institution = {Faculty of Electrical Engineering and Computing}
}

@book{Prouty1986,
    title = {{Helicopter performance, stability, and control}},
    year = {1986},
    author = {Prouty, R W},
    publisher = {PWS Engineering},
    isbn = {9780534063603}
}

@article{Libby2012,
    title = {{Tail-assisted pitch control in lizards, robots and dinosaurs}},
    year = {2012},
    journal = {Nature},
    author = {Libby, Thomas and Moore, Talia Y and Chang-Siu, Evan and Li, Deborah and Cohen, Daniel J and Jusufi, Ardian and Full, Robert J},
    volume = {481}
}

@inproceedings{Mayton2010,
    title = {{Robot, feed thyself: Plugging in to unmodified electrical outlets by sensing emitted ac electric fields}},
    year = {2010},
    booktitle = {2010 IEEE International Conference on Robotics and Automation (ICRA)},
    author = {Mayton, Brian and LeGrand, Louis and Smith, Joshua R},
    pages = {715--722},
    organization = {IEEE}
}

@article{Sayyada,
    title = {{Single-legged hopping robotics research review}},
    journal = {Robotica},
    author = {Sayyad, Ajij and Seth, B and Seshu, P},
    number = {05},
    pages = {587--613},
    volume = {25},
    doi = {10.1017/S0263574707003487},
    issn = {1469-8668}
}

@misc{Endsley,
    title = {{DG (2003). Designing for Situation Awareness: An Approach to User-Centered Design}},
    author = {Endsley, M R and Bolt{\'{e}}, B Jones},
    publisher = {London: Taylor {\&} Francis}
}

@article{Hogan1985,
    title = {{Impedance control - An approach to manipulation. I - Theory. II - Implementation. III - Applications}},
    year = {1985},
    journal = {ASME Transactions Journal of Dynamic Systems and Measurement Control B},
    author = {Hogan, N},
    pages = {1--24},
    volume = {107},
    url = {http://adsabs.harvard.edu/cgi-bin/nph-bib_query?bibcode=1985ATJDS.107....1H},
    keywords = {impedance-control, robotics, teaching}
}

@inproceedings{Francesco2014,
    title = {{On the Control of an Aerial Manipulator Interacting with the Environment}},
    year = {2014},
    booktitle = {In Proceedings of 2014 IEEE International Conference on Robotics {\&} Automation (ICRA)},
    author = {Francesco, Forte and Roberto, Naldi and Alessandro, Macchelli and Lorenzo, Marconi},
    pages = {4487--4493}
}

@article{Lorenzo2012,
    title = {{Control of Aerial Robots: Hybrid Force and Position Feedback for a Ducted Fan}},
    year = {2012},
    journal = {Control Systems},
    author = {Lorenzo, Marconi and Roberto, Naldi},
    number = {4},
    pages = {43--65},
    volume = {32}
}

@inproceedings{Park2012,
    title = {{Impedance control of quadruped robot and its impedance characteristic modulation for trotting on irregular terrain.}},
    year = {2012},
    booktitle = {IROS},
    author = {Park, Jaehwan and Park, Jong Hyeon},
    pages = {175--180},
    publisher = {IEEE},
    isbn = {978-1-4673-1737-5},
    keywords = {dblp}
}

@techreport{Fucek2014,
    title = {{16 PWM Board for:Haptic rumble motor array}},
    year = {2014},
    author = {Fucek, L and Vukicevic, A and Vukicevic, J},
    institution = {Faculty of Electrical Engineering and Computing}
}

@inproceedings{Huang2011isrr,
    title = {{Visual Odometry and Mapping for Autonomous Flight Using an RGB-D Camera}},
    year = {2011},
    booktitle = {Int. Symposium on Robotics Research (ISRR)},
    author = {Huang, Albert S and Bachrach, Abraham and Henry, Peter and Krainin, Michael and Maturana, Daniel and Fox, Dieter and Roy, Nicholas},
    pages = {1--16},
    address = {Flagstaff, Arizona, USA}
}

@misc{Geyer2006,
    title = {{Compliant leg behaviour explains basic dynamics of walking and running}},
    year = {2006},
    author = {Geyer, Hartmut and Seyfarth, Andre and Blickhan, Reinhard}
}

@inproceedings{Hurst2004,
    title = {{Physically Variable Compliance in Running}},
    year = {2004},
    booktitle = {CLAWAR},
    author = {Hurst, Jonathan W and Rizzi, Alfred},
    publisher = {SPRINGER-VERLAG},
    address = {www.springeronline.com}
}

@misc{Smith2008a,
    title = {{Open Dynamics Engine}},
    year = {2008},
    author = {Smith, Russell},
    url = {http://www.ode.org/},
    keywords = {imported}
}

@article{Vukobratovic2004,
    title = {{Zero-moment point{\{}{\^{a}}{\}}{\{}{\textbackslash}texteuro{\}}{\{}{\textbackslash}textquotedblright{\}}thirty five years of its life}},
    year = {2004},
    journal = {International Journal of Humanoid Robotics},
    author = {Vukobratovi{\'{c}}, Miomir and Borovac, Branislav},
    number = {01},
    pages = {157--173},
    volume = {1},
    publisher = {World Scientific}
}

@article{Sanchez2011,
    title = {{Hovering Flight Improvement of a Quad-rotor Mini {\{}UAV{\}} Using Brushless {\{}DC{\}} Motors}},
    year = {2011},
    journal = {J. Intell. Robotics Syst.},
    author = {Sanchez, A and Garc{\'{i}}a Carrillo, L R and Rondon, E and Lozano, R and Garcia, O},
    number = {1-4},
    pages = {85--101},
    volume = {61},
    publisher = {Kluwer Academic Publishers},
    address = {Hingham, MA, USA},
    doi = {10.1007/s10846-010-9470-3},
    issn = {0921-0296},
    keywords = {Brushless DC motor, Embedded control system, Improving attitude stabilization, Motor armature current, Quad-rotor UAV}
}

@misc{Dorais1999,
    title = {{Adjustable Autonomy for Human-Centered Autonomous Systems}},
    year = {1999},
    author = {Dorais, Gregory A and Bonasso, R Peter and Kortenkamp, David and Pell, Barney and Schreckenghost, Debra}
}

@misc{Geyer2006b,
    title = {{Compliant leg behaviour explains basic dynamics of walking and running}},
    year = {2006},
    author = {Geyer, Hartmut and Seyfarth, Andre and Blickhan, Reinhard}
}

@article{Sayyadb,
    title = {{Single-legged hopping robotics research---A review}},
    journal = {Robotica},
    author = {Sayyad, Ajij and Seth, B and Seshu, P},
    number = {05},
    pages = {587--613},
    volume = {25},
    doi = {10.1017/S0263574707003487},
    issn = {1469-8668}
}

@techreport{Blyenburgh2000,
    title = {{Uavs-current situation and considerations for the way forward}},
    year = {2000},
    author = {van Blyenburgh, Peter},
    institution = {DTIC Document}
}

@inproceedings{Mellinger2010a,
    title = {{Trajectory Generation and Control for Precise Aggressive Maneuvers with Quadrotors}},
    year = {2010},
    booktitle = {Proceedings of the International Symposium on Experimental Robotics},
    author = {Mellinger, D and Michael, N and Kumar, V}
}

@inproceedings{FelipeR.2014,
    title = {{Localization and mapping for aerial manipulation based on range-only measurements and visual markers}},
    year = {2014},
    booktitle = {Robotics {\&} Automation (ICRA), In proceedings of 2014 IEEE International Conference on Robotics {\&} Automation (ICRA)},
    author = {Felipe R., Fabresse and Fernando, Caballero and Ivan, Maza and Anibal, Ollero},
    pages = {2100--2106}
}

@article{Chaturvedi2011,
    title = {{Rigid-Body Attitude Control}},
    year = {2011},
    journal = {Control Systems, IEEE},
    author = {Chaturvedi, N A and Sanyal, A K and McClamroch, N H},
    number = {3},
    pages = {30--51},
    volume = {31},
    doi = {10.1109/MCS.2011.940459},
    issn = {1066-033X},
    keywords = {attitude control;feedback;matrix algebra;open loop}
}

@article{IoannisHavoutis,
    title = {{Progress in quadrupedal trotting with active compliance}},
    journal = {Dynamic Walking 2012},
    author = {Ioannis Havoutis Claudio Semini, Jonas Buchli Darwin Caldwell}
}

@article{Goodrich2007,
    title = {{Human-robot interaction: a survey}},
    year = {2007},
    journal = {Foundations and trends in human-computer interaction},
    author = {Goodrich, Michael A and Schultz, Alan C},
    number = {3},
    pages = {203--275},
    volume = {1},
    publisher = {Now Publishers Inc.}
}

@inproceedings{Albers2010,
    title = {{Semi-autonomous flying robot for physical interaction with environment}},
    year = {2010},
    booktitle = {Robotics Automation and Mechatronics (RAM), 2010 IEEE Conference on},
    author = {Albers, A and Trautmann, S and Howard, T and Nguyen, Trong Anh and Frietsch, M and Sauter, C},
    pages = {441--446},
    doi = {10.1109/RAMECH.2010.5513152},
    keywords = {CMOS-camera;actuator;cleaning tasks;flight stabili}
}

@inproceedings{Greenbank2005,
    title = {{Assessing Human Factors in UK Military {\{}UAV{\}}s}},
    year = {2005},
    booktitle = {The Systems Concepts and Integration Panel (SCI) Symposium},
    author = {Greenbank, C and Ayliffe, A},
    pages = {5B-1 , 5B-6},
    organization = {NATO}
}

@article{Bisgaard2010a,
    title = {{Adaptive Control System for Autonomous Helicopter Slung Load Operations}},
    year = {2010},
    journal = {Control Engineering Practice},
    author = {Bisgaard, Morten and Cour-harbo, Anders La and Bendtsen, Jan Dimon},
    pages = {800--811}
}

@misc{MIL101B,
    title = {{Military standard: Color code for pipelines and for compressed gas cylinders}},
    year = {1970},
    author = {{MIL-STD-101B}},
    howpublished = {[Online] Available: http://www.wbdg.org/}
}

@inproceedings{Jun2009,
    title = {{Dynamic stability of variable stiffness running}},
    year = {2009},
    booktitle = {Proceedings of the 2009 IEEE international conference on Robotics and Automation},
    author = {Jun, Jae Yun and Clark, Jonathan E},
    pages = {3985--3990},
    series = {ICRA'09},
    publisher = {IEEE Press},
    address = {Piscataway, NJ, USA},
    isbn = {978-1-4244-2788-8}
}

@misc{Merchant2004a,
    title = {{Propeller performance measurement for low Reynolds number unmanned aerial vehicle applications}},
    year = {2004},
    author = {Merchant, M P},
    institution = {Wichita State University}
}

@article{Shuster1993,
    title = {{Survey of attitude representations}},
    year = {1993},
    journal = {Journal of the Astronautical Sciences},
    author = {Shuster, M D},
    pages = {439--517},
    volume = {41}
}

@inproceedings{Kato1999,
    title = {{Marker tracking and HMD calibration for a video-based augmented reality conferencing system}},
    year = {1999},
    booktitle = {Augmented Reality, 1999. (IWAR '99) Proceedings. 2{\textbackslash}textsuperscript{\{}nd{\}} IEEE and ACM International Workshop on},
    author = {Kato, H and Billinghurst, M},
    pages = {85--94},
    doi = {10.1109/IWAR.1999.803809},
    keywords = {augmented reality;calibration;computer displays;gr}
}

@inproceedings{Palunko2013,
    title = {{A reinforcement learning approach towards autonomous suspended load manipulation using aerial robots}},
    year = {2013},
    booktitle = {Robotics and Automation (ICRA), 2013 IEEE International Conference on},
    author = {Palunko, I and Faust, A and Cruz, P and Tapia, L and Fierro, R},
    pages = {4896--4901},
    doi = {10.1109/ICRA.2013.6631276},
    issn = {1050-4729},
    keywords = {autonomous aerial vehicles;helicopters;iterative m}
}

@inproceedings{Pullin2012,
    title = {{Dynamic turning of 13 cm robot comparing tail and differential drive.}},
    year = {2012},
    booktitle = {Proceedings of the 2012 IEEE international conference on Robotics and Automation},
    author = {Pullin, Andrew O and Kohut, Nicholas J and Zarrouk, David and Fearing, Ronald S},
    pages = {5086--5093},
    publisher = {IEEE}
}

@inproceedings{Korpela2011b,
    title = {{MM-{\{}UAV{\}}: Mobile Manipulating Unmanned Aerial Vehicle}},
    year = {2011},
    booktitle = {In Proc. of the International Conference on Unmanned Aerial Systems (ICUAS)},
    author = {Korpela, C M and Danko, T W and Oh, Paul Y}
}

@misc{Doe2014,
    title = {{OpenAL ({\{}API{\}})}},
    year = {2014},
    author = {Doe, Ringo},
    url = {http://kcat.strangesoft.net/openal.html},
    howpublished = {{\textbackslash}url{\{}http://kcat.strangesoft.net/openal.html{\}}}
}

@article{Bisgaard2010,
    title = {{Adaptive Control System for Autonomous Helicopter Slung Load Operations}},
    year = {2010},
    journal = {Control Engineering Practice},
    author = {Bisgaard, Morten and la Cour-Harbo, Anders and Bendtsen, Jan Dimon},
    number = {7},
    pages = {800--811},
    volume = {18},
    publisher = {Pergamon},
    issn = {0967-0661}
}

@book{Landau2011,
    title = {{Adaptive Control}},
    year = {2011},
    author = {Landau, I D},
    series = {Communications and Control Engineering},
    publisher = {Springer London},
    isbn = {9780857296641}
}

@inproceedings{Bouabdallah2007,
    title = {{Full Control of a Quadrotor}},
    year = {2007},
    booktitle = {Proc. of The IEEE International Conference on Intelligent Robots (IROS)},
    author = {Bouabdallah, S and Siegwart, R}
}

@inproceedings{Mellinger2010,
    title = {{Cooperative Grasping and Transport using Multiple Quadrotors}},
    year = {2010},
    booktitle = {Proceedings of the International Symposium on Distributed Autonomous Robotic Systems},
    author = {Mellinger, D and Shomin, M and Michael, N and Kumar, V}
}

@inproceedings{Fraundorfer2012,
    title = {{Vision-Based Autonomous Mapping and Exploration Using a Quadrotor MAV}},
    year = {2012},
    booktitle = {Proc. of the IEEE/RSJ International Conference on Intelligent Robots and Systems (IROS)},
    author = {Fraundorfer, F and Heng, L and Honegger, D and Lee, G H and Meier, L and Tanskanen, P and Pollefeys, M},
    pages = {4557--4564}
}

@book{Butler1992,
    title = {{Model reference adaptive control: from theory to practice}},
    year = {1992},
    author = {Butler, H},
    series = {Prentice Hall international series in systems and control engineering},
    publisher = {Prentice Hall},
    isbn = {9780135882863}
}

@inproceedings{Berenson2009c,
    title = {{Pose-Constrained Whole-Body Planning using Task Space Region Chains}},
    year = {2009},
    booktitle = {IEEE-RAS International Conference on Humanoid Robots (Humanoids09)},
    author = {Berenson, Dmitry and Chestnutt, Joel and Srinivasa, Siddhartha and Kuffner, James and Kagami, Satoshi}
}

@inproceedings{Korpela2014a,
    title = {{Towards valve turning using a dual-arm aerial manipulator}},
    year = {2014},
    booktitle = {Intelligent Robots and Systems (IROS 2014), 2014 IEEE/RSJ International Conference on},
    author = {Korpela, C and Orsag, M and Oh, P},
    pages = {3411--3416},
    doi = {10.1109/IROS.2014.6943037},
    keywords = {aerospace testing;aircraft control;compliance cont}
}

@misc{Smith2008b,
    title = {{Open Dynamics Engine}},
    year = {2008},
    author = {Smith, Russell},
    url = {http://www.ode.org/},
    keywords = {imported}
}

@article{Nichols1993,
    title = {{Gain scheduling for H-infinity controllers: a flight control example}},
    year = {1993},
    journal = {Control Systems Technology, IEEE Transactions on},
    author = {Nichols, R A and Reichert, R T and Rugh, W J},
    number = {2},
    pages = {69--79},
    volume = {1},
    doi = {10.1109/87.238400},
    issn = {1063-6536}
}

@article{Warwick2007,
    title = {{Army looking at three configuration concepts for large cargo rotorcraft}},
    year = {2007},
    journal = {Flight International via www.flightglobal.com},
    author = {Warwick, G}
}

@inproceedings{Gioioso2014,
    title = {{Turning a near-hovering controlled quadrotor into a 3D force effector}},
    year = {2014},
    booktitle = {Robotics and Automation (ICRA), 2014 IEEE International Conference on},
    author = {Gioioso, G and Ryll, M and Prattichizzo, D and Bulthoff, H H and Franchi, A},
    pages = {6278--6284},
    doi = {10.1109/ICRA.2014.6907785},
    keywords = {Lyapunov methods;aerospace robotics;aircraft contr}
}

@article{Pijnappels2010a,
    title = {{Armed against falls: the contribution of arm movements to balance recovery after tripping}},
    year = {2010},
    journal = {Experimental Brain Research},
    author = {Pijnappels, Mirjam and Kingma, Idsart and Wezenberg, Daphne and Reurink, Guus and Die{\~{A}}{\textbackslash}guillemotleftn, JaapH.},
    number = {4},
    pages = {689--699},
    volume = {201},
    publisher = {Springer-Verlag},
    doi = {10.1007/s00221-009-2088-7},
    issn = {0014-4819}
}

@book{Wolf2008,
    title = {{The Video Game Explosion: A History from {\{}PON{\}}G to Playstation and Beyond}},
    year = {2008},
    author = {Wolf, M J P},
    publisher = {Greenwood Press},
    url = {http://books.google.com.hk/books?id=XiM0ntMybNwC},
    isbn = {9780313338687}
}

@article{Arjomandi2007,
    title = {{Classification of Unmanned Aerial Vehicles}},
    year = {2007},
    journal = {The University of Adelaide. Australia.[En linea] Disponible en: http://personal. mecheng. adelaide. edu. au/maziar. arjomandi/Aeronautical},
    author = {Arjomandi, Maziar and Agostino, S and Mammone, M and Nelson, M and Zhou, T},
    volume = {20}
}

@inproceedings{Uhrmann2011,
    title = {{Task-based guidance of multiple uav using cognitive automation}},
    year = {2011},
    booktitle = {COGNITIVE 2011, The Third International Conference on Advanced Cognitive Technologies and Applications},
    author = {Uhrmann, Johann and Schulte, Axel},
    pages = {47--52}
}

@article{Lindsey2011,
    title = {{Construction of Cubic Structures with Quadrotor Teams}},
    year = {2011},
    journal = {Robotics: Science and Systems},
    author = {Lindsey, Quentin J and Mellinger, Daniel and Kumar, Vijay}
}

@inproceedings{Orsag2013,
    title = {{Stability control in aerial manipulation}},
    year = {2013},
    booktitle = {American Control Conference (ACC), 2013},
    author = {Orsag, M and Korpela, C and Pekala, M and Oh, P},
    pages = {5581--5586},
    issn = {0743-1619},
    keywords = {autonomous aerial vehicles;compensation;control sy}
}

@inproceedings{Mahony2000,
    title = {{(Almost) exact path tracking control for an autonomous helicopter in hover manoeuvres}},
    year = {2000},
    booktitle = {Robotics and Automation, 2000. Proceedings. ICRA '00. IEEE International Conference on},
    author = {Mahony, R and Lozano, R},
    pages = {1245 -1250 vol.2},
    volume = {2},
    doi = {10.1109/ROBOT.2000.844769},
    issn = {1050-4729}
}

@inproceedings{Danko2014,
    title = {{Evaluation of visual servoing control of aerial manipulators using test gantry emulation}},
    year = {2014},
    booktitle = {Unmanned Aircraft Systems (ICUAS), 2014 International Conference on},
    author = {Danko, Todd W and Oh, Paul Y},
    pages = {821--829},
    organization = {IEEE}
}

@inproceedings{VargaBogdan,
    title = {{Fuzzy{\{}{\^{a}}{\}}{\{}{\textbackslash}texteuro{\}}{\{}{\textbackslash}textquotedblleft{\}}Lyapunov Based Quadrotor Controller Design}},
    year = {2009},
    booktitle = {Proc. of the European Control Conference,(ECC)},
    author = {Varga, M and Bogdan, S}
}

@inproceedings{Kovacic2003,
    title = {{Adaptive control based on sensitivity model-based adaptation of lead-lag compensator parameters}},
    year = {2003},
    booktitle = {Industrial Technology, 2003 IEEE International Conference on},
    author = {Kovacic, Z and Bogdan, S and Puncec, M},
    pages = {321 - 326 Vol.1},
    volume = {1},
    doi = {10.1109/ICIT.2003.1290317},
    keywords = {Adaptation model;Adaptive control;Adaptive systems}
}

@inproceedings{Palunko2012,
    title = {{Trajectory generation for swing-free maneuvers of a quadrotor with suspended payload: A dynamic programming approach}},
    year = {2012},
    booktitle = {Robotics and Automation (ICRA), 2012 IEEE International Conference on},
    author = {Palunko, I and Fierro, R and Cruz, P},
    pages = {2691--2697},
    doi = {10.1109/ICRA.2012.6225213},
    issn = {1050-4729}
}

@misc{STD-101B1970a,
    title = {{Military standard: Color code for pipelines and for compressed gas cylinders}},
    year = {1970},
    author = {{MIL-STD-101B}},
    howpublished = {[Online] Available: http://www.wbdg.org/}
}

@article{Pijnappels2010,
    title = {{Armed against falls: the contribution of arm movements to balance recovery after tripping}},
    year = {2010},
    journal = {Experimental Brain Research},
    author = {Pijnappels, Mirjam and Kingma, Idsart and Wezenberg, Daphne and Reurink, Guus and Die{\"{e}}n, JaapH.},
    number = {4},
    pages = {689--699},
    volume = {201},
    publisher = {Springer-Verlag},
    doi = {10.1007/s00221-009-2088-7},
    issn = {0014-4819}
}

@inproceedings{Kuindersma2009a,
    title = {{Dexterous mobility with the uBot-5{\~{}}{\{}m{\}}obile manipulator}},
    year = {2009},
    booktitle = {Proc. Int. Conf. Advanced Robotics ICAR 2009},
    author = {Kuindersma, S R and Hannigan, E and Ruiken, D and Grupen, R A},
    pages = {1--7}
}

@article{Nicol2011,
    title = {{Robust adaptive control of a quadrotor helicopter}},
    year = {2011},
    journal = {Mechatronics},
    author = {Nicol, C and Macnab, C J B and Ramirez-Serrano, A},
    number = {6},
    pages = {927--938},
    volume = {21},
    doi = {10.1016/j.mechatronics.2011.02.007},
    issn = {0957-4158}
}

@inproceedings{Bonasso1997,
    title = {{Using a robot control architecture to automate space shuttle operations}},
    year = {1997},
    booktitle = {In Procs. of AAAI-97},
    author = {Bonasso, R Peter and Kortenkamp, David},
    pages = {949--956},
    publisher = {AAAI Press}
}

@inproceedings{Johnson2008,
    title = {{The Hidden Human Factors in Unmanned Aerial Vehicles}},
    year = {2008},
    booktitle = {n the Proceedings of the 2008 International Conference on Systems Safety},
    author = {Johnson, C W and Shea, C}
}

@inproceedings{Tsai2011,
    title = {{Model construction and verification of a BLDC motor using MATLAB/SIMULINK and {\{}FPGA{\}} control}},
    year = {2011},
    booktitle = {Industrial Electronics and Applications (ICIEA), 2011 6{\textbackslash}textsuperscript{\{}th{\}} IEEE Conference on},
    author = {Tsai, Ming-Fa and Quy, Tran Phu and Wu, Bo-Feng and Tseng, Chung-Shi},
    pages = {1797--1802},
    doi = {10.1109/ICIEA.2011.5975884},
    issn = {pending},
    keywords = {brushless DC motors;control engineering computing;}
}

@inproceedings{Mellinger2010b,
    title = {{Cooperative Grasping and Transport using Multiple Quadrotors}},
    year = {2010},
    booktitle = {Proceedings of the International Symposium on Distributed Autonomous Robotic Systems},
    author = {Mellinger, D and Shomin, M and Michael, N and Kumar, V}
}

@book{Bramwell2001,
    title = {{Bramwell's helicopter dynamics}},
    year = {2001},
    author = {Bramwell, A R S and Done, G T S and Balmford, D},
    publisher = {American Institute of Aeronautics and Astronautics},
    isbn = {9781563475009}
}

@inproceedings{Wu2010,
    title = {{Simplified model building of mini unmanned helicopter in hover}},
    year = {2010},
    booktitle = {Advanced Computer Control (ICACC), 2010 2nd International Conference on},
    author = {Wu, Jiande and Fan, Yugang and Feng, Ting and Chao, Yi},
    pages = {626--629},
    volume = {5},
    doi = {10.1109/ICACC.2010.5486797},
    keywords = {Attitude control;Automation;Couplings;Earth;Engine}
}

@inproceedings{Danko2013,
    title = {{A hyper-redundant manipulator for Mobile Manipulating Unmanned Aerial Vehicles}},
    year = {2013},
    booktitle = {Unmanned Aircraft Systems (ICUAS), 2013 International Conference on},
    author = {Danko, T W and Oh, P Y},
    pages = {974--981},
    doi = {10.1109/ICUAS.2013.6564784},
    keywords = {autonomous aerial vehicles;dexterous manipulators;}
}

@article{Mersha2014,
    title = {{On Bilateral Teleoperation of Aerial Robots}},
    year = {2014},
    journal = {Robotics, IEEE Transactions on},
    author = {Mersha, A Y and Stramigioli, S and Carloni, R},
    number = {1},
    pages = {258--274},
    volume = {30},
    doi = {10.1109/TRO.2013.2281563},
    issn = {1552-3098},
    keywords = {autonomous aerial vehicles;telerobotics;aerial rob}
}

@inproceedings{Veloso2012,
    title = {{CoBots: Collaborative robots servicing multi-floor buildings}},
    year = {2012},
    booktitle = {Intelligent Robots and Systems (IROS), 2012 IEEE/RSJ International Conference on},
    author = {Veloso, M and Biswas, J and Coltin, B and Rosenthal, S and Kollar, T and Mericli, C and Samadi, M and Brandao, S and Ventura, R},
    pages = {5446--5447},
    doi = {10.1109/IROS.2012.6386300},
    issn = {2153-0858},
    keywords = {buildings (structures);intelligent robots;mobile r}
}

@techreport{Ravishankar1996,
    title = {{Efficient algorithms for speech recognition}},
    year = {1996},
    author = {Ravishankar, Mosur},
    number = {CMU-CS-96-143},
    series = {Report/Carnegie Mellon university},
    url = {http://opac.inria.fr/record=b1002675},
    institution = {Carnegie-Mellon University.Computer science. Pittsburgh (PA US)},
    address = {Pittsburgh}
}

@inproceedings{Hutter2009,
    title = {{Design of an Articulated Robotic Leg with Nonlinear Series Elastic Actuation}},
    year = {2009},
    booktitle = {International Conference on Climbing and Walking Robots CLAWAR},
    author = {Hutter, M and Remy, C David and Siegwart, R},
    address = {Istanbul, Turkey}
}

@book{Corke2011,
    title = {{Robotics, Vision {\&} Control: Fundamental Algorithms in Matlab}},
    year = {2011},
    author = {Corke, Peter I},
    publisher = {Springer},
    isbn = {978-3-642-20143-1}
}

@inproceedings{Draper2003,
    title = {{ComManual Versus Speech Input For Unmanned Aerial Vehicle Control Station Operations}},
    year = {2003},
    booktitle = {Proceedings of the Human Factors and Ergonomics Society},
    author = {Draper, M and Calhoun, G and Ruff, H and Williamson, D and Barry, T}
}

@inproceedings{Reza2011,
    title = {{Mobile robot localization using augmented reality landmark and fuzzy inference system}},
    year = {2011},
    booktitle = {Electrical Engineering and Informatics (ICEEI), 2011 International Conference on},
    author = {Reza, D S H and Mutijarsa, K and Adiprawita, W},
    pages = {1--6},
    doi = {10.1109/ICEEI.2011.6021608},
    issn = {2155-6822},
    keywords = {SLAM (robots);augmented reality;cameras;control en}
}

@inproceedings{Masubuchi2004,
    title = {{Gain-scheduled controller design based on descriptor representation of LPV systems: application to flight vehicle control}},
    year = {2004},
    booktitle = {Decision and Control, 2004. CDC. 43rd IEEE Conference on},
    author = {Masubuchi, I and Kato, J and Saeki, M and Ohara, A},
    pages = {815--820},
    volume = {1},
    doi = {10.1109/CDC.2004.1428770},
    issn = {0191-2216}
}

@article{Apoorvagiri2013,
    title = {{Mental Stress and its Implications on Reaction time}},
    year = {2013},
    journal = {International Journal of Computer Trends and Technology},
    author = {Apoorvagiri, X and Nagananda, M S},
    pages = {1426--1430},
    volume = {4-5}
}

@inproceedings{Nguyen2013,
    title = {{Hybrid force/motion control and internal dynamics of quadrotors for tool operation}},
    year = {2013},
    booktitle = {Intelligent Robots and Systems (IROS), 2013 IEEE/RSJ International Conference on},
    author = {Nguyen, Hai-Nguyen and Lee, Dongjun},
    pages = {3458--3464},
    doi = {10.1109/IROS.2013.6696849},
    issn = {2153-0858},
    keywords = {aerospace robotics;aircraft control;force control;}
}

@article{Blickh,
    title = {{The spring-mass model for running and hopping}},
    journal = {Journal of Biomechanics},
    author = {Blickhan, R},
    number = {11-12},
    pages = {1217,1227},
    volume = {22}
}

@article{Sandino2012,
    title = {{On the Use of Tethered Configurations for Augmenting Hovering Stability in Small-size Autonomous Helicopters}},
    year = {2012},
    journal = {Journal of Intelligent and Robotic Systems},
    author = {Sandino, LuisA. and Bejar, Manuel and Kondak, Konstantin and Ollero, Anibal},
    pages = {1--17},
    publisher = {Springer Netherlands},
    url = {http://dx.doi.org/10.1007/s10846-012-9741-2},
    doi = {10.1007/s10846-012-9741-2},
    issn = {0921-0296},
    keywords = {Unmanned aerial vehicles; Helicopter; Modeling; Te}
}

@incollection{Seyfarth2006,
    title = {{Running and Walking with Compliant Legs}},
    year = {2006},
    booktitle = {Fast Motions in Biomechanics and Robotics},
    author = {Seyfarth, A and Geyer, H and Blickhan, R and Lipfert, S and Rummel, J and Minekawa, Y and Iida, F},
    editor = {Diehl, Moritz and Mombaur, Katja},
    pages = {383--401},
    series = {Lecture Notes in Control and Information Sciences},
    volume = {340},
    publisher = {Springer Berlin Heidelberg},
    isbn = {978-3-540-36118-3},
    doi = {10.1007/978-3-540-36119-0{\_}18}
}

@inproceedings{Chang-Siu2011,
    title = {{A lizard-inspired active tail enables rapid maneuvers and dynamic stabilization in a terrestrial robot.}},
    year = {2011},
    booktitle = {IROS},
    author = {Chang-Siu, Evan and Libby, Thomas and Tomizuka, Masayoshi and Full, Robert J},
    pages = {1887--1894},
    publisher = {IEEE},
    isbn = {978-1-61284-454-1},
    keywords = {dblp}
}

@article{Hing2009,
    title = {{Development of an Unmanned Aerial Vehicle Piloting System with Integrated Motion Cueing for Training and Pilot Evaluation}},
    year = {2009},
    journal = {J. Intell. Robotics Syst.},
    author = {Hing, James T and Oh, Paul Y},
    number = {1-3},
    pages = {3--19},
    volume = {54},
    publisher = {Kluwer Academic Publishers},
    address = {Hingham, MA, USA},
    doi = {10.1007/s10846-008-9252-3},
    issn = {0921-0296},
    keywords = {Motion cueing, UAV accidents, UAV safety, Unmanned aerial vehicle}
}

@inproceedings{Pullin2012a,
    title = {{Dynamic turning of 13{\~{}}{\{}cm{\}} robot comparing tail and differential drive.}},
    year = {2012},
    booktitle = {Proceedings of the 2012 IEEE international conference on Robotics and Automation},
    author = {Pullin, Andrew O and Kohut, Nicholas J and Zarrouk, David and Fearing, Ronald S},
    pages = {5086--5093},
    publisher = {IEEE}
}

@phdthesis{Zeglin1999,
    title = {{The Bow Leg Hopping Robot}},
    year = {1999},
    author = {Zeglin, Garth},
    number = {CMU-RI-TR-99-33},
    school = {Robotics Institute, Carnegie Mellon University},
    address = {Pittsburgh, PA}
}

@inproceedings{Buys2011,
    title = {{Haptic coupling with augmented feedback between two KUKA Light-Weight Robots and the PR2 robot arms}},
    year = {2011},
    booktitle = {Intelligent Robots and Systems (IROS), 2011 IEEE/RSJ International Conference on},
    author = {Buys, Koen and Bellens, Steven and Decre, Wilm and Smits, Ruben and Scioni, Enea and De Laet, T and De Schutter, J and Bruyninckx, H},
    pages = {3031--3038},
    doi = {10.1109/IROS.2011.6094925},
    issn = {2153-0858},
    keywords = {Couplings;Haptic interfaces;Head;Robot sensing sys}
}

@book{Astroem1995,
    title = {{Adaptive Control}},
    year = {1995},
    author = {{\AA}str{\"{o}}m, K J and Wittenmark, B},
    series = {Addison-Wesley Series in Electrical Engineering},
    publisher = {Addison-Wesley},
    isbn = {9780201558661}
}

@inproceedings{Solomon2006,
    title = {{Dynamic Performance of a Permanent Magnet Brushless {\{}DC{\}} Motor for {\{}UAV{\}} Electric Propulsion System - Part I}},
    year = {2006},
    booktitle = {Proc.of IEEE Industrial Electronics, (IECON)},
    author = {Solomon, O and Famouri, P}
}

@misc{Smith2008,
    title = {{Open Dynamics Engine}},
    year = {2008},
    author = {Smith, Russell},
    url = {http://www.ode.org/},
    keywords = {imported}
}

@article{Crandall2005,
    title = {{Validating human-robot interaction schemes in multitasking environments}},
    year = {2005},
    journal = {Systems, Man and Cybernetics, Part A: Systems and Humans, IEEE Transactions on},
    author = {Crandall, Jacob W and Goodrich, Michael A and Olsen Jr, Dan R and Nielsen, Curtis W},
    number = {4},
    pages = {438--449},
    volume = {35},
    publisher = {IEEE}
}

@book{Gessow1952,
    title = {{Aerodynamics of the helicopter}},
    year = {1952},
    author = {Gessow, A and Myers, G C},
    publisher = {F. Ungar Pub. Co.}
}

@inproceedings{Gray2011,
    title = {{PR2: Opening Spring-Loaded Doors}},
    year = {2011},
    booktitle = {Proceedings of IROS},
    author = {Gray, Steven and Clingerman, Christopher and Likhachev, Maxim and Chitta, Sachin}
}

@inproceedings{Briggs2012,
    title = {{Tails in biomimetic design: Analysis, simulation, and experiment}},
    year = {2012},
    booktitle = {IROS},
    author = {Briggs, Randall and Lee, Jongwoo and Haberland, Matt and Kim, Sangbae},
    pages = {1473--1480}
}

@book{Whittingham2004,
    title = {{The Blame Machine: Why Human Error Causes Accidents}},
    year = {2004},
    author = {Whittingham, R},
    publisher = {Taylor {\&} Francis},
    url = {http://books.google.hr/books?id=4qv6r0SLfWYC},
    isbn = {9781136359576}
}

@misc{Geyer2006a,
    title = {{Compliant leg behaviour explains basic dynamics of walking and running}},
    year = {2006},
    author = {Geyer, Hartmut and Seyfarth, Andre and Blickhan, Reinhard}
}

@article{Arevalo2012,
    title = {{Impedance Control for Legged Robots: An Insight Into the Concepts Involved}},
    year = {2012},
    journal = {Systems, Man, and Cybernetics, Part C: Applications and Reviews, IEEE Transactions on},
    author = {Arevalo, J C and Garcia, E},
    number = {6},
    pages = {1400--1411},
    volume = {42},
    doi = {10.1109/TSMCC.2012.2187190},
    issn = {1094-6977},
    keywords = {Impedance;Legged locomotion;Robot kinematics;Servi}
}

@inproceedings{Boskovic2000,
    title = {{Multi-mode switching in flight control}},
    year = {2000},
    booktitle = {Digital Avionics Systems Conference, 2000. Proceedings. DASC. The 19th},
    author = {Boskovic, J D and Mehra, R K},
    pages = {1--6},
    volume = {2},
    doi = {10.1109/DASC.2000.884917}
}

@article{Lee1990,
    title = {{An overview of the SPHINX speech recognition system}},
    year = {1990},
    journal = {IEEE Transactions on Acoustics, Speech and Signal Processing},
    author = {Lee, K.-F. and Hon, H.-W. and Reddy, Raj},
    number = {1},
    pages = {35--45},
    volume = {38}
}

@article{Lorenzo2011,
    title = {{Modelling and control of a flying robot interacting with the environment}},
    year = {2011},
    journal = {Automatica},
    author = {Lorenzo, Marconi and Roberto, Naldi and Gentili, Luca},
    number = {12},
    pages = {2571--2583},
    volume = {47}
}

@inproceedings{Goldberg2010,
    title = {{Unmanned Aerial Systems: The Role of the Operator and Human Factor Implications}},
    year = {2010},
    booktitle = {Proceedings of the 2010 Spring Simulation Multiconference},
    author = {Goldberg, Benjamin},
    pages = {229:1--229:3},
    series = {SpringSim '10},
    publisher = {Society for Computer Simulation International},
    address = {San Diego, CA, USA},
    isbn = {978-1-4503-0069-8},
    doi = {10.1145/1878537.1878776},
    keywords = {human factors, operators, simulation, unmanned aircraft systems}
}

@inproceedings{Galloway2011,
    title = {{Experimental investigations into the role of passive variable compliant legs for dynamic robotic locomotion}},
    year = {2011},
    booktitle = {Robotics and Automation (ICRA), 2011 IEEE International Conference on},
    author = {Galloway, K C and Clark, J E and Yim, M and Koditschek, D E},
    pages = {1243--1249},
    doi = {10.1109/ICRA.2011.5979941},
    issn = {1050-4729}
}

@book{Ostrom1969,
    title = {{Osteology of Deinonychus antirrhopus, an unusual theropod from the Lower Cretaceous of Montana}},
    year = {1969},
    author = {Ostrom, J H},
    series = {Bulletin (Peabody Museum of Natural History)},
    publisher = {Peabody Museum of Natural History, Yale University}
}

@techreport{Mirjanic2013,
    title = {{Managing Physiological and Psychological Stress Reactions during Individual Multisensory Control of Multi-agent Aerial System}},
    year = {2013},
    author = {Mirjanic, Latica},
    institution = {Faculty of Electrical Engineering and Computing}
}

@article{Belta2002,
    title = {{Trajectory design for formations of robots by kinetic energy shaping}},
    year = {2002},
    journal = {Proceedings 2002 IEEE International Conference on Robotics and Automation (Cat. No.02CH37292)},
    author = {Belta, C. and Kumar, V.},
    pages = {2593--2598},
    volume = {3},
    isbn = {0-7803-7272-7},
    doi = {10.1109/ROBOT.2002.1013622},
    issn = {10504729}
}

@book{Vukic,
    title = {{Control}},
    author = {Vukic, Zoran and Kuljaca, Ljubomir and Donlagic, Dali and Tesnjak, Sejid},
    isbn = {0824741129}
}

@article{Circle2011,
    title = {{A NA S LIEP{\v{C}}EVI{\'{C}} Perspective Collineation and Osculating Circle of Conic in PE-plane and I-plane}},
    year = {2011},
    author = {Circle, Osculating and Circle, Osculating},
    number = {Table 1},
    pages = {63--66},
    keywords = {conic, constant cross - ratio, elation, homology, osculating circle, perspective collineation}
}

@inproceedings{Weiss2012a,
    title = {{Real-time onboard visual-inertial state estimation and self-calibration of MAVs in unknown environments}},
    year = {2012},
    booktitle = {Proceedings - IEEE International Conference on Robotics and Automation},
    author = {Weiss, Stephan and Achtelik, Markus W. and Lynen, Simon and Chli, Margarita and Siegwart, Roland},
    pages = {957--964},
    address = {Saint Paul, MN, USA},
    isbn = {9781467314039},
    doi = {10.1109/ICRA.2012.6225147},
    issn = {10504729}
}

@article{Khalil1996,
    title = {{Nonlinear Systems}},
    year = {1996},
    author = {Khalil, Hassan K},
    pages = {1 - 748},
    isbn = {0132280248},
    pmid = {1617627}
}

@inproceedings{Weiss2012,
    title = {{Real-time onboard visual-inertial state estimation and self-calibration of MAVs in unknown environments}},
    year = {2012},
    booktitle = {Proceedings - IEEE International Conference on Robotics and Automation},
    author = {Weiss, Stephan and Achtelik, Markus W. and Lynen, Simon and Chli, Margarita and Siegwart, Roland},
    pages = {957--964},
    publisher = {IEEE},
    address = {Saint Paul}
}

@article{Michael2010,
    title = {{Experimental evaluation of multirobot aerial control algorithms}},
    year = {2010},
    journal = {IEEE Robotics {\&} Automation Magazine},
    author = {Michael, Nathan and Mellinger, Daniel and Lindsey, Quentin and Kumar, Vijay},
    number = {September},
    pages = {56--65},
    volume = {17},
    url = {http://ieeexplore.ieee.org/lpdocs/epic03/wrapper.htm?arnumber=5569026\nhttp://scholar.google.com/scholar?hl=en&btnG=Search&q=intitle:Experimental+Evaluation+of+Multirobot+Aerial+Control+Algorithms#3},
    isbn = {1070-9932},
    doi = {10.1109/MRA.2010.937855},
    issn = {1070-9932}
}

@article{AdigbliSlidingMode,
    title = {{Nonlinear Attitude and Position Control of a Micro Quadrotor using Sliding Mode and Backstepping Techniques}},
    year = {2007},
    journal = {3rd US-European Competition and Workshop on Micro Air Vehicle Systems (MAV07) {\&} European Micro Air Vehicle Conference and Flight Competition (EMAV2007), 17-21 September 2007, Toulouse, France},
    author = {Adigbli, Patrick},
    number = {September},
    pages = {17--21},
    url = {http://citeseerx.ist.psu.edu/viewdoc/summary?doi=10.1.1.98.6327}
}

@article{Kumar2012,
    title = {{Trajectory design and control for aggressive formation flight with quadrotors}},
    year = {2012},
    journal = {Autonomous Robots},
    author = {Turpin, Matthew and Michael, Nathan and Kumar, Vijay},
    number = {1-2},
    pages = {143--156},
    volume = {33},
    publisher = {Springer}
}

@misc{Doe2014b,
    title = {{OpenAL ({\{}API{\}})}},
    year = {2014},
    author = {Doe, Ringo},
    url = {http://kcat.strangesoft.net/openal.html},
    howpublished = {{\textbackslash}url{\{}http://kcat.strangesoft.net/openal.html{\}}}
}

@article{Kanatani1993b,
    title = {{3D interpretation of conics and orthogonality}},
    year = {1993},
    journal = {CVGIP: Image Underst.},
    author = {Kanatani, Kenichi and Liu, Wu},
    number = {3},
    pages = {286--301},
    volume = {58},
    publisher = {Academic Press, Inc.},
    address = {Orlando, FL, USA},
    doi = {10.1006/ciun.1993.1043},
    issn = {1049-9660}
}

@inproceedings{Weiss2012b,
    title = {{Real-time onboard visual-inertial state estimation and self-calibration of MAVs in unknown environments}},
    year = {2012},
    booktitle = {Proceedings - IEEE International Conference on Robotics and Automation},
    author = {Weiss, Stephan and Achtelik, Markus W and Lynen, Simon and Chli, Margarita and Siegwart, Roland},
    pages = {957--964},
    publisher = {IEEE},
    address = {Saint Paul}
}

@inproceedings{Bellens2012,
    title = {{A hybrid pose / wrench control framework for quadrotor helicopters}},
    year = {2012},
    booktitle = {Robotics and Automation (ICRA), 2012 IEEE International Conference on},
    author = {Bellens, Steven and De Schutter, Joris and Bruyninckx, Herman},
    pages = {2269--2274},
    doi = {10.1109/ICRA.2012.6224682},
    issn = {1050-4729}
}

@article{Sandino2012b,
    title = {{On the Use of Tethered Configurations for Augmenting Hovering Stability in Small-size Autonomous Helicopters}},
    year = {2012},
    journal = {Journal of Intelligent and Robotic Systems},
    author = {Sandino, LuisA. and Bejar, Manuel and Kondak, Konstantin and Ollero, Anibal},
    pages = {1--17},
    publisher = {Springer Netherlands},
    url = {http://dx.doi.org/10.1007/s10846-012-9741-2},
    doi = {10.1007/s10846-012-9741-2},
    issn = {0921-0296},
    keywords = {Unmanned aerial vehicles; Helicopter; Modeling; Te}
}

@article{Orsag2013c,
    title = {{Modeling and control of MM-UAV: Mobile manipulating unmanned aerial vehicle}},
    year = {2013},
    journal = {Journal of Intelligent and Robotic Systems: Theory and Applications},
    author = {Orsag, Matko and Korpela, Christopher and Oh, Paul},
    number = {1-4},
    pages = {227--240},
    volume = {69},
    keywords = {Dexterous manipulation, Mobile manipulation, UAV}
}

@inproceedings{Nguyen-Huynh2011,
    title = {{Adaptive reactionless motion for space manipulator when capturing an unknown tumbling target}},
    year = {2011},
    booktitle = {Robotics and Automation (ICRA), 2011 IEEE International Conference on},
    author = {Nguyen-Huynh, Thai-Chau and Sharf, I},
    pages = {4202--4207},
    doi = {10.1109/ICRA.2011.5980398},
    issn = {1050-4729},
    keywords = {MSC Adams simulation platform;adaptive reactionles}
}

@inproceedings{Mellinger2010c,
    title = {{Cooperative Grasping and Transport using Multiple Quadrotors}},
    year = {2010},
    booktitle = {Proceedings of the International Symposium on Distributed Autonomous Robotic Systems},
    author = {Mellinger, D and Shomin, M and Michael, N and Kumar, V}
}

@inproceedings{Fumagalli2012,
    title = {{Modeling and control of a flying robot for contact inspection}},
    year = {2012},
    booktitle = {Intelligent Robots and Systems (IROS), 2012 IEEE/RSJ International Conference on},
    author = {Fumagalli, M and Naldi, R and Macchelli, A and Carloni, R and Stramigioli, S and Marconi, L},
    pages = {3532--3537},
    doi = {10.1109/IROS.2012.6385917},
    issn = {2153-0858},
    keywords = {aircraft control;autonomous aerial vehicles;inspec}
}

@article{Hespanha1999,
    title = {{Stability of switched systems with average dwell-time}},
    year = {1999},
    journal = {Proceedings of the 38th IEEE Conference on Decision and Control (Cat. No.99CH36304)},
    author = {Hespanha, J.P. and Morse, a.S.},
    volume = {3},
    isbn = {0-7803-5250-5},
    doi = {10.1109/CDC.1999.831330},
    issn = {0191-2216}
}

@inproceedings{Mellinger2010bb,
    title = {{Cooperative Grasping and Transport using Multiple Quadrotors}},
    year = {2010},
    booktitle = {Proceedings of the International Symposium on Distributed Autonomous Robotic Systems},
    author = {Mellinger, D and Shomin, M and Michael, N and Kumar, V}
}

@inproceedings{Orsag2012ab,
    title = {{Modeling and Control of {\{}M{\}}{\{}M{\}}-{\{}U{\}}{\{}A{\}}{\{}V{\}}: Mobile Manipulating Unmanned Aerial Vehicle}},
    year = {2012},
    booktitle = {Proc.International Conference on Unmanned Aircraft Systems, ICUAS},
    author = {Orsag, Matko and Korpela, Christopher and Oh, Paul}
}

@article{Michael2010b,
    title = {{Experimental evaluation of multirobot aerial control algorithms}},
    year = {2010},
    journal = {IEEE Robotics {\&} Automation Magazine},
    author = {Michael, Nathan and Mellinger, Daniel and Lindsey, Quentin and Kumar, Vijay},
    number = {September},
    pages = {56--65},
    volume = {17},
    url = {http://ieeexplore.ieee.org/lpdocs/epic03/wrapper.htm?arnumber=5569026\nhttp://scholar.google.com/scholar?hl=en&btnG=Search&q=intitle:Experimental+Evaluation+of+Multirobot+Aerial+Control+Algorithms#3},
    isbn = {1070-9932},
    doi = {10.1109/MRA.2010.937855},
    issn = {1070-9932}
}

@article{Pounds2012,
    title = {{Stability of small-scale UAV helicopters and quadrotors with added payload mass under PID control}},
    year = {2012},
    journal = {Autonomous Robots},
    author = {Pounds, Paul E.I. and Bersak, Daniel R. and Dollar, Aaron M.},
    number = {1-2},
    pages = {129--142},
    volume = {33},
    isbn = {0929-5593},
    doi = {10.1007/s10514-012-9280-5},
    issn = {09295593},
    keywords = {Aircraft dynamics, Flight stability, Helicopter, Quadrotor, Unmanned Aerial Vehicle}
}

@inproceedings{Achtelik2009,
    title = {{Stereo vision and laser odometry for autonomous helicopters in GPS-denied indoor environments.}},
    year = {2009},
    booktitle = {SPIE--The International Society for Optical Engineering},
    author = {et al. Achtelik, Markus},
    address = {Orlando, FL, USA}
}

@article{Michael2011b,
    title = {{Cooperative manipulation and transportation with aerial robots}},
    year = {2011},
    journal = {Autonomous Robots},
    author = {Michael, N and Fink, J and Kumar, V},
    pages = {73--86},
    volume = {30}
}

@inproceedings{Hoffmann2007b,
    title = {{Quadrotor helicopter flight dynamics and control: Theory and experiment}},
    year = {2007},
    booktitle = {In Proc. of the AIAA Guidance, Navigation, and Control Conference},
    author = {Hoffmann, Gabriel M and Huang, Haomiao and Wasl, Steven L and Tomlin, Er Claire J}
}

@book{Vukicb,
    title = {{Control}},
    author = {Vukic, Zoran and Kuljaca, Ljubomir and Donlagic, Dali and Tesnjak, Sejid},
    isbn = {0824741129}
}

@article{Lindsey2011b,
    title = {{Construction of Cubic Structures with Quadrotor Teams}},
    year = {2011},
    journal = {Robotics: Science and Systems},
    author = {Lindsey, Quentin J and Mellinger, Daniel and Kumar, Vijay}
}

@inproceedings{Stramigioli2014,
    title = {{Exploiting the Dynamics of a Robotic Manipulator for Control of UAVs}},
    year = {2014},
    booktitle = {In Proceedings of 2014 IEEE International Conference on Robotics {\&} Automation (ICRA)},
    author = {Abeje, Y Mersha and Stefano, Stramigioli and Raffaella, Carloni},
    pages = {1741--1747}
}

@inproceedings{Palunko2013A,
    title = {{Learning swing-free trajectories for UAVs with a suspended load}},
    year = {2013},
    booktitle = {Robotics and Automation (ICRA), 2013 IEEE International Conference on},
    author = {Faust, A and Palunko, I and Cruz, P and Fierro, R and Tapia, L},
    pages = {4902--4909},
    doi = {10.1109/ICRA.2013.6631277},
    issn = {1050-4729},
    keywords = {autonomous aerial vehicles;helicopters;learning (a}
}

@misc{OpenAL,
    title = {{OpenAL (API)}},
    year = {2014},
    author = {Doe, Ringo},
    url = {http://kcat.strangesoft.net/openal.html},
    howpublished = {{\textbackslash}url{\{}http://kcat.strangesoft.net/openal.html{\}}}
}

@inproceedings{Greenbank2005b,
    title = {{Assessing Human Factors in UK Military UAVs}},
    year = {2005},
    booktitle = {The Systems Concepts and Integration Panel (SCI) Symposium},
    author = {Greenbank, C and Ayliffe, A},
    pages = {5B-1 , 5B-6},
    organization = {NATO}
}

@inproceedings{Huang2011isrrb,
    title = {{Visual Odometry and Mapping for Autonomous Flight Using an RGB-D Camera}},
    year = {2011},
    booktitle = {Int. Symposium on Robotics Research (ISRR)},
    author = {Huang, Albert S and Bachrach, Abraham and Henry, Peter and Krainin, Michael and Maturana, Daniel and Fox, Dieter and Roy, Nicholas},
    address = {Flagstaff, Arizona, USA}
}

@book{Wolf2008b,
    title = {{The Video Game Explosion: A History from PONG to Playstation and Beyond}},
    year = {2008},
    author = {Wolf, M J P},
    publisher = {Greenwood Press},
    isbn = {9780313338687}
}

@article{vukobratovic2004b,
    title = {{Zero-moment pointâthirty five years of its life}},
    year = {2004},
    journal = {International Journal of Humanoid Robotics},
    author = {Vukobratovi{\'{c}}, Miomir and Borovac, Branislav},
    number = {01},
    pages = {157--173},
    volume = {1},
    publisher = {World Scientific}
}

@inproceedings{Bouabdallah2007b,
    title = {{Full Control of a Quadrotor}},
    year = {2007},
    booktitle = {Proc. of The IEEE International Conference on Intelligent Robots (IROS)},
    author = {Bouabdallah, S and Siegwart, R}
}

@inproceedings{Fraundorfer2012b,
    title = {{Vision-Based Autonomous Mapping and Exploration Using a Quadrotor MAV}},
    year = {2012},
    booktitle = {Proc. of the IEEE/RSJ International Conference on Intelligent Robots and Systems (IROS)},
    author = {Fraundorfer, F and Heng, L and Honegger, D and Lee, G H and Meier, L and Tanskanen, P and Pollefeys, M}
}

@inproceedings{Hoffmann2007c,
    title = {{Quadrotor helicopter flight dynamics and control: Theory and experiment}},
    year = {2007},
    booktitle = {In Proc. of the AIAA Guidance, Navigation, and Control Conference},
    author = {Hoffmann, Gabriel M and Huang, Haomiao and Wasl, Steven L and Tomlin, Er Claire J}
}

@inproceedings{Bouabdallah2007c,
    title = {{Full Control of a Quadrotor}},
    year = {2007},
    booktitle = {Proc. of The IEEE International Conference on Intelligent Robots (IROS)},
    author = {Bouabdallah, S and Siegwart, R}
}

@inproceedings{Hoffmann2007d,
    title = {{Quadrotor helicopter flight dynamics and control: Theory and experiment}},
    year = {2007},
    booktitle = {In Proc. of the AIAA Guidance, Navigation, and Control Conference},
    author = {Hoffmann, Gabriel M and Huang, Haomiao and Wasl, Steven L and Tomlin, Er Claire J}
}

@inproceedings{Orsag2016,
    title = {{Human-in-the-loop control of multi-agent aerial systems}},
    year = {2016},
    booktitle = {2016 European Control Conference (ECC)},
    author = {Orsag, M and Haus, T and Tolic, D and Ivanovic, A and Car, M and Palunko, I and Bogdan, S},
    pages = {2139--2145}
}

@inproceedings{Oh1994,
    title = {{Forming complex dextrous manipulations from task primitives}},
    year = {1994},
    booktitle = {Robotics and Automation, 1994. Proceedings., 1994 IEEE International Conference on},
    author = {Michelman, P and Allen, P},
    pages = {3383--3388},
    keywords = {finite automata;finite state machines;force contro}
}

@inproceedings{Arbanas2016,
    title = {{Aerial-ground robotic system for autonomous delivery tasks}},
    year = {2016},
    booktitle = {2016 IEEE International Conference on Robotics and Automation (ICRA)},
    author = {Arbanas, B and Ivanovic, A and Car, M and Haus, T and Orsag, M and Petrovic, T and Bogdan, S},
    pages = {5463--5468}
}

@inproceedings{colaneri2009dwell,
    title = {{Dwell time analysis of deterministic and stochastic switched systems}},
    year = {2009},
    booktitle = {Control Conference (ECC), 2009 European},
    author = {Colaneri, Patrizio},
    pages = {15--31},
    organization = {IEEE}
}

@inproceedings{Oh1997,
    title = {{Using tactile and visual sensing with a robotic hand}},
    year = {1997},
    booktitle = {Robotics and Automation, 1997. Proceedings., 1997 IEEE International Conference on},
    author = {Allen, P K and Miller, A T and Oh, P Y and Leibowitz, B S},
    pages = {676--681},
    volume = {1},
    keywords = {force measurement;manipulators;mechanical contact;}
}

@article{Kobilarov2014,
    title = {{Nonlinear Trajectory Control of Multi-body Aerial Manipulators}},
    year = {2014},
    journal = {Journal of Intelligent {\{}{\&}{\}} Robotic Systems},
    author = {Kobilarov, Marin},
    number = {1},
    pages = {679--692},
    volume = {73},
    doi = {10.1007/s10846-013-9934-3},
    issn = {1573-0409}
}

@article{lagarias1998convergence,
    title = {{Convergence properties of the Nelder--Mead simplex method in low dimensions}},
    year = {1998},
    journal = {SIAM Journal on optimization},
    author = {Lagarias, Jeffrey C and Reeds, James A and Wright, Margaret H and Wright, Paul E},
    number = {1},
    pages = {112--147},
    volume = {9},
    publisher = {SIAM}
}

@misc{Doe2014c,
    title = {{OpenAL ({\{}API{\}})}},
    year = {2014},
    author = {Doe, Ringo},
    url = {http://kcat.strangesoft.net/openal.html},
    howpublished = {{\textbackslash}url{\{}http://kcat.strangesoft.net/openal.html{\}}}
}

@inproceedings{Forte2014,
    title = {{On the control of an aerial manipulator interacting with the environment}},
    year = {2014},
    booktitle = {Robotics and Automation (ICRA), 2014 IEEE International Conference on},
    author = {Forte, F and Naldi, R and Macchelli, A and Marconi, L},
    pages = {4487--4492},
    doi = {10.1109/ICRA.2014.6907514},
    keywords = {aerospace robotics;autonomous aerial vehicles;mani}
}

@inproceedings{Mersha2014ICRA,
    title = {{Exploiting the dynamics of a robotic manipulator for control of UAVs}},
    year = {2014},
    booktitle = {Robotics and Automation (ICRA), 2014 IEEE International Conference on},
    author = {Mersha, A Y and Stramigioli, S and Carloni, R},
    pages = {1741--1746},
    doi = {10.1109/ICRA.2014.6907086},
    keywords = {aerospace control;autonomous aerial vehicles;manip}
}

@inproceedings{Thomas2014,
    title = {{No Title}},
    year = {2014},
    booktitle = {Autonomous Robots},
    author = {Abiko, Satoko and Yoshida, Kazuya and Achtelik, Markus et al. and Adigbli, P and Grand, C and Mouret, J.-B. and Doncieux, S and Aghili, F and Ahmadzadeh, Seyed Reza and Kormushev, Petar and Caldwell, Darwin G and Almeida, F and Lopes, A and Abreu, P and Alunni, N and Phillips-Grafftin, C and Suay, H B and Lofaro, D and Berenson, Dmitr. Dmitry and Chernova, S and Lindeman, R W and Oh, Paul Y and Angeles, J and Aristidou, Andreas and Lasenby, Joan and Arleo, G and Caccavale, F and Muscio, G and Pierri, F and Bellens, Steven and De Schutter, Joris and Bruyninckx, Herman and Berenson, Dmitr. Dmitry and Chestnutt, Joe. and Siddharth., Srinivasa and James, Kuffner and Satoshi, Kagami and Srinivasa, Siddhartha S and Dave., Ferguson and J., Kuffner James and Bernard, Markus and Kondak, Konstantin and Maza, Ivan and Ollero, Anibal and Bouabdallah, S and Murrieri, P and Siegwart, Roland and Noth, A and Siegwart, Roland and Bourquardez, O and Mahony, Robert E and Guenard, N and Chaumette, F and Hamel, T and Eck, L and Brock, Oliver and Grupen, R A and Kemp, C C and Broenink, Jan F and Tiernego, Martin L J and Corke, Peter I and Diankov, Rosen and Kuffner, James and Dimitrov, D N and Yoshida, Kazuya and Dollar, Aaron M and Howe, Robert D and Eberli, Daniel and Scaramuzza, Davide and Weiss, Stephan and Siegwart, Roland and Fitzgibbon, A and Pilu, M and Fisher, R B and Fumagalli, M and Naldi, Roberto and Macchelli, A and Carloni, R and Stramigioli, S and Marconi, Lorenzo and Gentili, Luca and Naldi, Roberto and Marconi, Lorenzo and Ghadiok, Vaibhav and Goldin, Jeremy and Ren, Wei and Hahn, H and Hamner, Brad and Koterba, Seth and Shi, Jane and Simmons, Reid and Singh, Sanjiv and Hara, N and Nenchev, D N and Sun, Qiao and Sato, D and Harada, K and Hirukawa, H and Kanehiro, F and Fujiwara, K and Kaneko, K and Kajita, S and Nakamura, M and Kaneko, K and Hirukawa, H and Hespanha, J P and Hogan, Neville and Huber, Felix and Kondak, Konstantin and Krieger, Kai and Sommer, Dominik and Schwarzbach, Marc and Laiacker, Maximilian and Kossyk, Ingo and Parusel, Sven and Haddadin, Sami and Albu-Schaffer, Alin and Ishitsuka, M and Ishii, K and Jain, A and Kemp, C C and Jazar, R N and Jimenez-Cano, A E and Martin, J and Heredia, G and Ollero, Anibal and Cano, R and {Jingguo Wang Yangmin Li} and Zhao, Xinhua and Kanatani, Kenichi and Liu, Wu and Kaneko, K and Harada, K and Kanehiro, F and Miyamori, G and Akachi, K and Katz, Dov and Kenney, Jacqueline and Brock, Oliver and Keemink, A Q L and Fumagalli, M and Stramigioli, S and Carloni, R and Kim, Suseong and Choi, Song K Seungwon and Kim, H Jin and Kolhe, Pushkar and Dantam, Neil and Stilman, Mike and Kondak, Konstantin and Huber, Felix and Schwarzbach, Marc and Laiacker, Maximilian and Sommer, Dominik and Bejar, M and Ollero, Anibal and Krieger, Kai and Albu-Schaeffer, Alin and Schwarzbach, Marc and Laiacker, Maximilian and Rodriguez-Castano, Ivan Mazaand Angel and Ollero, Anibal and Korchenko, A G and Illyash, O S and Korpela, Christopher M and Danko, Todd W and Oh, Paul Y and Orsag, Matko and Danko, Todd W and Kobe, Bryan and McNeil, Clayton and Pisch, Robert and Oh, Paul Y and Jun, Youngbum and Brahmbhatt, Pareshkumar and Oh, Paul Y and Pekala, Miles and Oh, Paul Y and Koyanagi, K and Hirukawa, H and Hattori, S and Morisawa, M and Nakaoka, S and Harada, K and Kajita, S and Kuindersma, S R and Hannigan, E and Ruiken, D and Grupen, R A and Barto, A and Kuntz, Noah R and Oh, Paul Y and LaValle, Steven M and Lindsey, Quentin J and Mellinger, Daniel and Kumar, Vijay and Lippiello, Vincenzo and Ruggiero, Fabio and Liu, G J and Goldenberg, A A and Mahony, Robert E and Kumar, Vijay and Corke, Peter I and Mak, Lin C and Furukawa, Tomonari and Maki, B E and McIlroy, W E and Fernie, G R and Marani, Giacomo and Choi, Song K Seungwon and Yuh, Junku and Marconi, Lorenzo and Naldi, Roberto and Gentili, Luca and Maza, Ivan and Kondak, Konstantin and Bernard, Markus and Ollero, Anibal and McMillan, Scott and Orin, David E and McGhee, Robert B and Mellinger, Daniel and Kumar, Vijay and Lindsey, Quentin J and Shomin, Michael and Kumar, Vijay and Merchant, M P and Michel, O and {MIL-STD-101B} and Miskovic, Nikola and Vukic, Zoran and Bibuli, Marco and Caccia, Massimo and Bruzzone, Gabriele and Nakada, M and Allen, B and Morishima, S and Terzopoulos, D and Narli, V and Oh, Paul Y and Nenchev, D N and Yoshida, Kazuya and Vichitkulsawat, P and Uchiyama, M and Nguyen-Huynh, Thai-Chau and Sharf, I and Orsag, Matko and Korpela, Christopher M and Oh, Paul Y and Bogdan, Stjepan and Oh, Paul Y and Palunko, Ivana and Fierro, Rafael and Pines, Darryll J and Bohorquez, F and Ponce, Jean and Sullivan, Steve and Sudsang, Attawith and Boissonnat, Jean-daniel and Merlet, Jean-Pierre and Pounds, P E I and Bersak, D R and Dollar, Aaron M and Mahony, Robert E and Corke, Peter I and Quigley, Morgan and Conley, Ken and Gerkey, Brian P and Faust, Josh and Foote, Tully and Leibs, Jeremy and Wheeler, Rob and Ng, Andrew Y and Romero, H and Benosman, R and Lozano, R and Schilling, R J and Scholten, J L J and Fumagalli, M and Stramigioli, S and Carloni, R and Shen, Shaojie and Michael, Nathan and Kumar, Vijay and Siciliano, Bruno and Sciavicco, Lorenzo and Villani, Luigi and Oriolo, Giuseppe and Srinivasa, Siddhartha S and Ferguson, David and Helfrich, Casey and Berenson, Dmitr. Dmitry and Collet Romea, Alvaro and Diankov, Rosen and Gallagher, Garratt and Hollinger, Geoffrey and Kuffner, James and Vandeweghe, J Michael and Stilman, Mike and Olson, J and Gloss, W and Strip, D R and Thomas, Justin and Polin, Joe and Sreenath, Koushil and Kumar, Vijay and Tsai, L W and Morgan, A P and Vahrenkamp, N and Berenson, Dmitr. Dmitry and Asfour, T and Kuffner, James and Dillmann, R and Do, M and T., Asfour and R., Dillmann and Vande Weghe, M and Ferguson, David and Srinivasa, Siddhartha S and Wang, Wei. and Li, Yan and Whitcomb, L L and Wimbock, T and Nenchev, D N and Albu-Schaffer, Alin and Hirzinger, G and Yang, Shaowu and Scherer, SebastianA. and Zell, Andreas and Yuh, Junku and Zhao, S and Lee, P M and Yun, Seung-kook and {N. Michael J. Fink} and Kumar, Vijay and {\textbackslash}cSucan, Ioan A and Moll, Mark and Kavraki, Lydia E and Alexis, K and Huerzeler, C and Siegwart, Roland and Amato, Christopher and Konidaris, George and Cruz, Gabriel and Maynor, Christopher A and How, Jonathan P and Kaelbling, Leslie Pack and Antonelli, Gianluca and Cataldi, Elisabetta and Giordano, Paolo Robuffo and Chiaverini, Stefano and Franchi, Antonio and Arbanas, Barbara and Ivanovic, Antun and Car, Marko and Haus, Tomislav and Orsag, Matko and Petrovic, Tamara and Bogdan, Stjepan and Augugliaro, Federico and Lupashin, Sergei and Hamer, Michael and Male, Cason and Hehn, Markus and Mueller, M and Willmann, J and Gramazio, Fabio and Kohler, Matthias and D'Andrea, Rafaello and Ballinger, George Henri and Bradski, Dr. Gary Rost and Kaehler, Adrian and Buehler, Jennifer and Pagnucco, Maurice and Butzke, J and Gochev, K and Holden, B and Jung, E J and Likhachev, M and Chen, Wei and Decker, Keith S and Cirillo, Marcello and Pecora, Federico and Andreasson, Henrik and Uras, Tansel and Koenig, Sven and Cvisic, I and Petrovic, I and DeCastro, Jonathan A and Kress-Gazit, Hadas and Decker, Keith S and Lesser, Victor R and Di Paola, Donato and Gasparri, Andrea and Naso, David and Lewis, Frank L and Dias, AndrÃ© and Capitan, J and Merino, L and Almeida, JosÃ© and Lima, Pedro and Silva, Eduardo and Ding, Xu Chu and Kloetzer, M and Chen, Yushan and Belta, C and Drenner, A and Janssen, M and Carlson, C and Papanikolopoulos, N and Faust, Aleksandra and Palunko, Ivana and Cruz, Patricio and Fierro, Rafael and Tapia, Lydia and Franchi, Antonio and Secchi, C and Ryll, M and B{\"{u}}lthoff, H H and Giordano, Paolo Robuffo and Fraundorfer, F and Heng, L and Honegger, D and Lee, G H and Meier, L and Tanskanen, P and Pollefeys, M and Fumagalli, M and Naldi, Roberto and Macchelli, A and Forte, F and Keemink, A Q L and Stramigioli, S and Carloni, R and Marconi, Lorenzo and Gerkey, Brian P and Mataric, Maja J and Gonzalez, Rafael C and Woods, Richard E and Goodrich, M A and Schultz, A C and Guo, M and Tumova, J and Dimarogonas, D V and Hoffmann, Gabriel M and Huang, Haomiao and Wasl, Steven L and Tomlin, Er Claire J and Horling, Bryan and Lesser, Victor R and Vincent, Regis and Wagner, Thomas Tom and Raja, Anita and Zhang, Shelley and Decker, Keith S and Garvey, Alan and Hornung, Armin and Wurm, KaiM. M and Bennewitz, Maren and Stachniss, Cyrill and Burgard, Wolfram and Hsieh, M Ani and Cowley, Anthony and Keller, James F and Chaimowicz, Luiz and Grocholsky, Ben and Kumar, Vijay and Taylor, Camillo J and Endo, Yoichiro and Arkin, Ronald C and Jung, Boyoon and Wolf, Denis F and Sukhatme, Gaurav S and MacKenzie, Douglas C and Huang, Albert S and Bachrach, Abraham and Henry, Peter and Krainin, Michael and Maturana, Daniel and Fox, Dieter and Roy, Nicholas and Karaman, Sertac and Frazzoli, Emilio and Kress-Gazit, Hadas and Fainekos, G E and Pappas, George J and Krnjak, A and Draganjac, I and Bogdan, Stjepan and Petrovic, Tamara and Miklic, D and Kovacic, Z and Lee, Dongjun and Franchi, Antonio and Son, Hyoung Il and Ha, ChangSu and Bulthoff, H H and Giordano, Paolo Robuffo and Lemaire, Thomas and Alami, Rachid and Lacroix, Simon and Lesser, Victor R and Decker, Keith S and Wagner, Thomas Tom and Carver, N and Garvey, Alan and Horling, Bryan and Neiman, D and Podorozhny, R and Prasad, M.Nagendra and Raja, Anita and Vincent, Regis and Xuan, P and Zhang, X Q and Lindemuth, M and Murphy, R R and Steimle, E and Armitage, W and Dreger, K and Elliot, T and Hall, M and Kalyadin, D and Kramer, J and Palankar, M and Pratt, K and Griffin, C and Lindsey, Quentin J and Mellinger, Daniel and Kumar, Vijay and Mathew, N and Smith, S L and Waslander, S L and Michael, Nathan and Shen, Shaojie and Mohta, Kartik and Mulgaonkar, Yash and Kumar, Vijay and Nagatani, Keiji and Okada, Yoshito and Kiribayashi, Seiga and Otake, Kazuki and Yoshida, Kazuya and Ohno, Kazunori and Takeuchi, Eijiro and Tadokoro, Satoshi and Miskovic, Nikola and Bogdan, Stjepan and Nad, E and Mandic, F and Orsag, Matko and Haus, Tomislav and Mor{\'{e}}, Jorge J and Nagarajan, Thareswari and Thondiyath, Asokan and Omidshafiei, S and a. Agha-mohammadi, A and Amato, Christopher and How, Jonathan P and Palunko, Ivana and Cruz, Patricio and Fierro, Rafael and Papachristos, C and Tzes, A and Perkins, T and Murphy, R R and Petrovic, Tamara and Haus, Tomislav and Arbanas, Barbara and Orsag, Matko and Bogdan, Stjepan and Pimentel, B S and Campos, M F M and {PrimeSense.} and Raman, V and Kress-Gazit, Hadas and Ren, Wei and Beard, Randal W and Saha, Indranil and Ramaithitima, Rattanachai and Kumar, Vijay and Pappas, George J and Seshia, Sanjit A and Saribatur, Z G and Erdem, E and Patoglu, V and Siltanen, Sanni and Sreenath, Koushil and Michael, Nathan and Kumar, Vijay and Stentz, Anthony and Dias, M Bernardine and Sucan, Ioan A and Chitta, Sachin and Tang, Fang and Parker, L E and Thomas, Justin and Loianno, Giuseppe and Sreenath, Koushil and Kumar, Vijay and Tolic, Domagoj and Hirche, Sandra and Jelicic, Vana and Bilas, Vedran and Palunko, Ivana and Ivanovic, Antun and Car, Marko and Bogdan, Stjepan and Torre{\~{n}}o, Alejandro and Onaindia, Eva and Sapena, Ãscar and Varga, M and Bogdan, Stjepan and Verhoeven, Geert J J and Wagner, Thomas Tom and Garvey, Alan and Lesser, Victor R and Wurm, KaiM. M and Dornhege, Christian and Nebel, Bernhard and Burgard, Wolfram and Stachniss, Cyrill and Yan, Zhi and Jouandeau, Nicolas and Cherif, Arab Ali and Zlot, Robert and Stentz, Anthony},
    edition = {First},
    number = {1},
    month = {5},
    pages = {75--86},
    series = {Communications and Control Engineering},
    volume = {18},
    publisher = {IEEE},
    url = {http://www.theroboticschallenge.org/ http://dx.doi.org/10.1007/s10489-014-0540-2 http://larics.rasip.fer.hr/people/research-staff/domagoj-tolic/ https://books.google.hr/books?id=dbtUlQEACAAJ http://www.primesense.com. http://dx.doi.org/10.1007/s11370-014-},
    howpublished = {[Online] Available: http://moveit.ros.org},
    organization = {IEEE},
    address = {Flagstaff, Arizona, USA},
    isbn = {1846286417, 9781846286414},
    doi = {10.1109/MRA.2012.2205651},
    issn = {1050-4729},
    keywords = {*file-import-11-05-31, *file-import-11-08-19, 3-DOF robo, ARMAR-III humanoid robot, ARS, AUV, Aerial manipulation, Aerospace electronics, AirRobot 100B UAV, Aircraft navigation, Attitude control, Automatic control, Bayesian optimization, Cameras, Chemicals, Collaborative software, Computer science, Constrained motion, Control system synthesis, Controllers, Coordinated control, Dec-POMDP, Design methodology, Dexterous manipulation, End effectors, F, Feedback, Flexible manufacturing systems, GPS measurements, Global Positioning System, Golem Krang, Grasping, HRP-3, Hardware-in-the-loop, Hazardous materials, History, Human animation, Human-robot interaction, Humanoid Robotics Platform-3, Hybrid automata, Intelligent robots, Intelligent vehicles, Jacobian transpose-directed rapidly exploring rand, Joints, LTL model checking, LTL task specification, Laboratories, Lie algebras, Lyapunov methods, MSC Adams simulation platform, Manipulator dynamics, Manipulators, Markov processes, Mathematical model, Micro Aerial Veh, Mobile manipulation, Mobile robots, Monocular vision, Motion planning, Motor drives, Multi-UAV load transportation, Multi-agent systems, Multi-robot systems, Multi-robot teams, Multiple UAVs, Multirobot systems, Navigation, Network synthesis, Nominations and elections, Nonlinear control, Onboard Vision, PI control law, Packbot 510 UGV, Path following, Planning, Protocols, ROS-based control architecture, Railway accidents, Robot kinematics, Robot sensing systems, Robotics and automation, SLAM (robots), Sea surface, Sens, Silicon, Surges, Synchronization, Task architecture, Trajectory, Trajectory tracking, UAV, UAV tracking, UAV-UGV teams, UAVs, Uncertainty, Underwater intervention, Vehicle dynamics, Vehicles, Visual servoing, active opportunistic cooperation, actuators, adaptive, adaptive control, adaptive reactionles, aerial, aerial manipulator dynamical model, aerial perching, aerodynamics, aerospace robotics, aircraft, aircraft control, aircraft landi, algorithmbimanual, and, arm, arm rotation strategy, armar-iiiinverse, asymptotic stability, automata theory, automata-theoretic approach, automatic robotic team deployment, autonomous aerial vehicles, autonomous standing, autonomous underwater vehicle, autonomous underwater vehicles, autonomous vehicles, balance recovery, behavior synthesis, bidirectional RRT-connect algorithm, biomechanics community, bipedal, blades, closed loop systems, collision, collision-free, communication policies, communication protocols, complex systems, compliant, computed torque technique, computer, computer vision, connection relia, connectivity constraint, constraint handling, control, control engineering computing, control policies synthesis, control strategy, control system synthesis, controlrandom, cooperative behavior, cooperative decentralized multiagent control, cooperative heterogeneous system, dblp, decentralised control, decentralized control planning, decentralized partially observable Markov decision, decision making, decision theory, decision-making, design and control, determination, direct communication, disabled people, dual, dual-arm manipulation, dynam, dynamic b, dynamically stable, emergency response, emergency services, feedback controllers, first order dynamics, flo, force control, formal specification, formal verification, general multirobot systems, geometric visual controller, gra, graphical user inter, grasp, graspcollision-free, grasping, grasping maneuvers, graspingonline, hand, hazardous materials, helico, helicopt, helicopters, high-speed aerial grasping task, human-robot interaction, humanoid r, i, image based visual servoing, image feature space, image processing, image space, incident command staff, inspec, kinematicsmotion, kinematicstorque, large-scale systems, lazy, linear temporal logic, macro-actions, manipulation, manipulator arms, manipulator dynamics, manipulators, manipulatorshumanoid, manufacturing, marsupial system, mathematical model, measurement, mechanics, mechanism design, mediated opportunistic cooperation, micro aerial vehicles, miniature quadrotor helicopter, mobile rob, mobile robots, modulereachable, monocular camera, motion con, motion control, motion planning, motioncollision-free, multi-agent systems, multi-robot systems, multifingered hands, multiple robots, navigation filter, object recovery, object-based task, observers, orientation, pa, path planning, planar system, planetary exploration, plannergrasp-rrt, plannergrasping, planning, planningnet, planningposition, posedexterous, position, positionhumanoid, probabilistic framework, processesrobot, quadrotor, quality, real-world problems, remotely operated vehicles, rescue robots, robot, robot constraints, robot motion planning, robot programming, robot vision, robot-based task, robotic manipulator, robotspath, rotors, rrt, rrt-based, sagittal plane, search and rescue, second order dynamics, sensor information, servomechanisms, shape changing obstacles, signaling, single, smart wheelchairs, surgery, task allocation, task analysis, telerobot, temporal logic, torqueobject, trajectorydual, uncertain systems, uncertainty, underactuated, underactuated robots, unmanned, unmanned aerial vehicle, unmanned ground vehicle, unmanned marsupial sea-air system, unmanned recovery, unmanned surface marine vehicle, unstructured environments, vehicle, vision, visual servoing, visual servoing controller, warehouse task}
}

@article{Haus2017,
    title = {{Mathematical Modelling and Control of an Unmanned Aerial Vehicle with Moving Mass Control Concept}},
    year = {2017},
    journal = {Journal of Intelligent and Robotic Systems: Theory and Applications},
    author = {Haus, T. and Orsag, M. and Bogdan, S.},
    doi = {10.1007/s10846-017-0545-2},
    issn = {15730409},
    keywords = {Internal combustion engine, Moving mass, Root locus, UAV}
}

@inproceedings{Korpela2012,
    title = {{Flight stability in aerial redundant manipulators}},
    year = {2012},
    booktitle = {2012 IEEE International Conference on Robotics and Automation},
    author = {Korpela, Christopher and Orsag, Matko and Danko, Todd and Kobe, Bryan and McNeil, Clayton and Pisch, Robert and Oh, Paul},
    month = {5},
    pages = {3529--3530},
    publisher = {IEEE},
    url = {http://ieeexplore.ieee.org/document/6224925/},
    isbn = {978-1-4673-1405-3},
    doi = {10.1109/ICRA.2012.6224925},
    issn = {10504729}
}

@inproceedings{PalunkoIFAC2011,
    title = {{Adaptive control of a quadrotor with dynamic changes in the center of gravity}},
    year = {2011},
    booktitle = {Proceedings 18th IFAC World Congress},
    author = {Palunko, Ivana and Fierro, Rafael},
    number = {1},
    pages = {2626--2631},
    volume = {18}
}

@inproceedings{Berenson2009a,
    title = {{No Title}},
    year = {2011},
    booktitle = {Autonomous Robots},
    author = {{PrimeSense.} and Sucan, Ioan A and Chitta, Sachin and Alaimo, A and Artale, V and Milazzo, C and Ricciardello, A and Trefiletti, L and Richter, Charles and Bry, Adam and Roy, Nicholas and Hsia, T C S and Kim, Jin-Sung Jin-Hwan and Kim, Jin-Sung Jin-Hwan and Park, Ji-Mo and Park, Sung-Man and Choe, Won-Yong and Heo, Hoon and Larsen, T D and Andersen, N A and Ravn, O and Poulsen, N K and Leishman, Robert C and Macdonald, John C and Beard, Randal W and McLain, Timothy W and Leishman, Robert C and Beard, Randal W and McLain, Timothy W and Palunko, Ivana and Fierro, Rafael and Furrer, Fadri and Burri, Michael and Achtelik, Markus et al. and Siegwart, Roland and Goldstein, H and Poole, C P and Safko, J L and Woolsey, C A and Leonard, N E and Qianchen, Yuan and Qingzhen, Zhang and Huiping, Zhang and Edwards, Terry L and Kaplan, Marshall H and Aslanov, V S and Bezglasnyi, S P and Astr{\"{o}}m, Karl Johan and Murray, Richard M and Cadou, Christopher and Moulton, Nathan and Menon, Shyam and Moulton, Nathan and Cadou, Christopher and Sharaf, Omar Z and Orhan, Mehmet F and Haus, Tomislav and Prkut, N. and Borovina, K. and Mari{\'{c}}, B. and Orsag, Matko and Bogdan, Stjepan and Korpela, C.M. Christopher M and Orsag, Matko and Jun, Y. and Brahmbhatt, P. and Oh, Paul Y P.Y. and Haus, Tomislav and Orsag, Matko and Bogdan, Stjepan and Korpela, C.M. Christopher M and Bogdan, Stjepan and Oh, Paul Y P.Y. and Orsag, Matko and Oh, Paul Y P.Y. and Pekala, M. and Oh, Paul Y P.Y. and Haus, Tomislav and Palunko, Ivana and Bogdan, Stjepan and {\textbackslash}cSucan, Ioan A and Moll, Mark and Kavraki, Lydia E and Hoffmann, Gabriel M and Huang, Haomiao and Wasl, Steven L and Tomlin, Er Claire J and Hornung, Armin and Wurm, Kai M and Bennewitz, Maren and Stachniss, Cyrill and Burgard, Wolfram and Karaman, Sertac and Frazzoli, Emilio and Fraundorfer, F and Heng, L and Honegger, D and Lee, G H and Meier, L and Tanskanen, P and Pollefeys, M and Huang, Albert S and Bachrach, Abraham and Henry, Peter and Krainin, Michael and Maturana, Daniel and Fox, Dieter and Roy, Nicholas and {N. Michael J. Fink} and Kumar, Vijay and Bluteau, Bruno and Briand, Renaud and Patrouix, Olivier and Lindsey, Quentin J and Mellinger, Daniel and Kumar, Vijay and Pounds, PaulE.I. E I and Bersak, DanielR. R and Dollar, AaronM. M and Scholten, J L J and Fumagalli, M and Stramigioli, S and Carloni, R and Kanatani, Kenichi and Liu, Wu and Bouabdallah, S and Murrieri, P and Siegwart, Roland and Mellinger, Daniel and Lindsey, Quentin J and Shomin, Michael and Kumar, Vijay and Arleo, G and Caccavale, F and Muscio, G and Pierri, F and Ponce, Jean and Sullivan, Steve and Sudsang, Attawith and Boissonnat, Jean-daniel and Merlet, Jean-Pierre and Pounds, PaulE.I. E I and Dollar, AaronM. M and Ahmadzadeh, Seyed Reza and Kormushev, Petar and Caldwell, Darwin G and Almeida, F and Lopes, A and Abreu, P and Bourquardez, O and Mahony, Robert E and Guenard, N and Chaumette, F and Hamel, T and Eck, L and Kuindersma, S R and Grupen, R A and Barto, A and Maki, B E and McIlroy, W E and Fernie, G R and Stilman, Mike and Olson, J and Gloss, W and Brock, Oliver and Kemp, C C and Ghadiok, Vaibhav and Goldin, Jeremy and Ren, Wei and LaValle, Steven M and Meyer, Johannes and Sendobry, Alexander and Kohlbrecher, Stefan and Klingauf, Uwe and von Stryk, Oskar and Vahrenkamp, N and Do, M and T., Asfour and R., Dillmann and Aghili, F and Hamner, Bradley and Koterba, Seth C and Shi, Jane and Simmons, Reid and Singh, Sanjiv and Kolhe, Pushkar and Dantam, Neil and Stilman, Mike and Berenson, Dmitry and Chestnutt, Joe. and Siddharth., Srinivasa and James, Kuffner and Satoshi, Kagami and Haus, Tomislav and Orsag, Matko and Bogdan, Stjepan and Hespanha, J P and Jimenez-Cano, A E and Martin, J and Heredia, G and Ollero, Anibal and Cano, R and Keemink, A Q L and Fumagalli, M and Stramigioli, S and Carloni, R and Siciliano, Bruno and Sciavicco, Lorenzo and Villani, Luigi and Oriolo, Giuseppe and Wimbock, T and Nenchev, D N and Albu-Schaffer, Alin and Hirzinger, G and Alunni, N and Phillips-Grafftin, C and Suay, H B and Lofaro, D and Berenson, Dmitry and Chernova, S and Lindeman, R W and Oh, Paul Y P.Y. and Bernard, Markus and Kondak, Konstantin and Maza, Ivan and Ollero, Anibal and Katz, Dov and Kenney, Jacqueline and Brock, Oliver and Koyanagi, K and Hirukawa, H and Hattori, S and Morisawa, M and Nakaoka, S and Harada, K and Kajita, S and Romero, H and Benosman, R and Lozano, R and Vahrenkamp, N and Berenson, Dmitry and Asfour, T and Kuffner, James and Dillmann, R and Whitcomb, L L and {DARPA} and Achtelik, Markus et al. and Bellens, Steven and De Schutter, Joris and Bruyninckx, Herman and Fitzgibbon, A and Pilu, M and Fisher, R B and Hahn, H and Kim, Suseong and Choi, Seungwon Song K and Kim, H Jin and Liu, G J and Goldenberg, A A and Nguyen-Huynh, Thai-Chau and Sharf, I and Schilling, R J and {MIL-STD-101B} and Vande Weghe, M and Ferguson, David and Srinivasa, Siddhartha S and Corke, Peter I and Hara, N and Nenchev, D N and Sun, Qiao and Sato, D and Huber, Felix and Kondak, Konstantin and Krieger, Kai and Sommer, Dominik and Schwarzbach, Marc and Laiacker, Maximilian and Kossyk, Ingo and Parusel, Sven and Haddadin, Sami and Albu-Schaffer, Alin and Ishitsuka, M and Ishii, K and Narli, V and Oh, Paul Y P.Y. and Nenchev, D N and Yoshida, Kazuya and Vichitkulsawat, P and Uchiyama, M and Tsai, L W and Morgan, A P and Yuh, Junku and Zhao, S and Lee, P M and Dimitrov, D N and Yoshida, Kazuya and Fumagalli, M and Naldi, Roberto and Macchelli, A and Carloni, R and Stramigioli, S and Marconi, Lorenzo and Harada, K and Kajita, S and Kaneko, K and Hirukawa, H and Korpela, C.M. Christopher M and Orsag, Matko and Oh, Paul Y P.Y. and Mellinger, Daniel and Kumar, Vijay and Merchant, M P and Pines, Darryll J and Bohorquez, F and Quigley, Morgan and Conley, Ken and Gerkey, Brian P and Faust, Josh and Foote, Tully and Leibs, Jeremy and Wheeler, Rob and Ng, Andrew Y and Strip, D R and Bernard, Markus and Kondak, Konstantin and Broenink, Jan F and Tiernego, Martin L J and Gentili, Luca and Naldi, Roberto and Marconi, Lorenzo and Harada, K and Hirukawa, H and Kanehiro, F and Fujiwara, K and Kaneko, K and Kajita, S and Nakamura, M and Kuntz, Noah R and Oh, Paul Y P.Y. and Pounds, PaulE.I. E I and Mahony, Robert E and Corke, Peter I and Yun, Seung-kook and Abiko, Satoko and Yoshida, Kazuya and Angeles, J and Aristidou, Andreas and Lasenby, Joan and Lippiello, Vincenzo and Ruggiero, Fabio and Mak, Lin C and Furukawa, Tomonari and Maza, Ivan and Kondak, Konstantin and Bernard, Markus and Ollero, Anibal and Michel, O and Wang, Wei. and Li, Yan and Yang, Shaowu and Scherer, SebastianA. and Zell, Andreas and Pounds, PaulE.I. E I and Bersak, DanielR. R and Dollar, AaronM. M and Brock, Oliver and Grupen, R A and Diankov, Rosen and Kuffner, James and Jazar, R N and Kaneko, K and Harada, K and Kanehiro, F and Miyamori, G and Akachi, K and Kuindersma, S R and Hannigan, E and Ruiken, D and Grupen, R A and Thomas, Justin and Polin, Joe and Sreenath, Koushil and Kumar, Vijay and Diankov, Rosen and Kondak, Konstantin and Krieger, Kai and Albu-Schaeffer, Alin and Schwarzbach, Marc and Laiacker, Maximilian and Rodriguez-Castano, Ivan Mazaand Angel and Ollero, Anibal and Korpela, C.M. Christopher M and Danko, Todd W and Oh, Paul Y P.Y. and Marani, Giacomo and Choi, Seungwon Song K and Yuh, Junku and Marconi, Lorenzo and Naldi, Roberto and Gentili, Luca and Miskovic, Nikola and Vukic, Zoran and Bibuli, Marco and Caccia, Massimo and Bruzzone, Gabriele and Shen, Shaojie and Michael, Nathan and Kumar, Vijay and Srinivasa, Siddhartha S and Ferguson, David and Helfrich, Casey and Berenson, Dmitry and Collet Romea, Alvaro and Diankov, Rosen and Gallagher, Garratt and Hollinger, Geoffrey and Kuffner, James and Vandeweghe, J Michael and Srinivasa, Siddhartha S and Dave., Ferguson and J., Kuffner James and Dollar, AaronM. M and Howe, Robert D and Eberli, Daniel and Scaramuzza, Davide and Weiss, Stephan and Siegwart, Roland and Hogan, Neville and Jain, A and Kemp, C C and {Jingguo Wang Yangmin Li} and Zhao, Xinhua and Lippiello, Vincenzo and Ruggiero, Fabio and Mahony, Robert E and Kumar, Vijay and Corke, Peter I and McMillan, Scott and Orin, David E and McGhee, Robert B and Korpela, C.M. Christopher M and Danko, Todd W and Oh, Paul Y P.Y. and Nakada, M and Allen, B and Morishima, S and Terzopoulos, D and Korpela, C.M. Christopher M and Orsag, Matko and Danko, Todd W and Kobe, Bryan and McNeil, Clayton and Pisch, Robert and Oh, Paul Y P.Y. and Korpela, C.M. Christopher M and Oh, Paul Y P.Y.},
    edition = {1st},
    number = {1},
    month = {5},
    pages = {1--7},
    series = {MED '09},
    volume = {4},
    publisher = {Springer Netherlands},
    url = {http://dx.doi.org/10.1109/ROBOT.2009.5152399 http://dx.doi.org/10.1016/j.automatica.2011.09.020 http://www.sciencedirect.com/science/article/pii/S002980180800173X http://books.google.com/books?id=hHS40c6sYucC http://www.ars-journal.com/International-Journ},
    howpublished = {{\textbackslash}url{\{}http://www.youtube.com/watch?v=9TqlA6k6HBY{\}}},
    organization = {Robotics Institute},
    address = {Tokyo, Japan},
    isbn = {978-1-4244-4684-1},
    doi = {10.1109/IROS.2006.281637},
    issn = {1050-4729},
    keywords = {*file-import-11-05-31, *file-import-11-08-19, 3-DOF robo, ARMAR-III humanoid robot, ARS, AUV, Adaptive control, Aerial manipulation, Aerial robots, Aircraft navigation, Algorithm design and analysis, Automatic control, Automation, Bayesian optimization, DC motors, Delay effects, Delay estimation, Dexterous manipulation, Electronic mail, Equations, F, Filters, Flexible manufacturing systems, Fuses, Gain measurement, Global Positioning System, Golem Krang, HRP-3, Hardware-in-the-loop, Human animation, Humanoid Robotics Platform-3, Hybrid automata, Jacobian transpose-directed rapidly exploring rand, Kalman filter, Kalman filters, Lie algebras, Lyapunov methods, MSC Adams simulation platform, Mathematical model, Micro Aerial Veh, Mobile manipulation, Monocular vision, Multi-UAV load transportation, Multiple UAVs, Multirotor helicopter, Nonlinear control, Observability, Omnidirectional vision, Onboard Vision, PI control law, PUMA 560 robot arm, Path following, Programmable control, Quadrotor, Robot control, Robust control, Rotors, SLAM (robots), Sens, Sensors, Servomechanisms, Servomotors, State estimation, Target, Testing, Time measurement, Trajectory tracking, UAV, UAVs, Uncertain systems, Uncertainty, Underwater intervention, Unmanned aerial vehicles, accelerometers, adaptive, adaptive control, adaptive reactionles, aerial, aerodynamics, aerospace robotics, aircraft, aircraft control, aircraft landi, algorithmbimanual, and, arm, arm rotation strategy, armar-iiiinverse, asymptotic stability, attitude estimation, attitude measurement, autonomous aerial vehicles, autonomous flight, autonomous standing, autonomous underwater vehicle, auxiliary controller, balance recovery, bidirectional RRT-connect algorithm, biomechanics community, bipedal, closed loop systems, collision, collision-free, compliant, computational burden, computational complexity, computational delay, computed torque technique, computer, computer vision, confined spaces, connection relia, control, control design, control engineering computing, controlrandom, dblp, delays, design and control, determination, discrete time filters, discrete-time Kalman filter, dual, dual-arm manipulation, dynam, dynamic b, dynamic model, dynamically stable, extrapolation, filter optimality, filtering theory, flo, gra, graphical user inter, grasp, graspcollision-free, grasping, graspingonline, hand, helico, helicopt, helicopters, humanoid r, i, image processing, inspec, joint position control, kinematicsmotion, kinematicstorque, lazy, manipulation, manipulator dynamics, manipulators, manipulatorshumanoid, measurement, mechanics, mechanism design, mobile rob, mobile robots, modulereachable, motion con, motioncollision-free, multifingered hands, observers, obstacle avoidance, optimal gain, orientation, pa, plannergrasp-rrt, plannergrasping, planning, planningnet, planningposition, posedexterous, position, position control, positionhumanoid, processesrobot, quadrotor flight, quality, remotely operated vehicles, robot, robot dynamics, robots, robotspath, rotors, rrt, rrt-based, sensor fusion, servo controller, servo systems, servomechanisms, signal-synthesis adaptive controller, single, state estimation, telerobot, time delayed measurements, torqueobject, trajectorydual, underactuated, underactuated robots, unknown-complex environments, unmanned, unstructured environments, vehicle, velocity estimation, velocity measurement, vision, vision measurements}
}

@inproceedings{Berenson2009ab,
    title = {{No Title}},
    year = {2011},
    booktitle = {Autonomous Robots},
    author = {Alaimo, A and Artale, V and Milazzo, C and Ricciardello, A and Trefiletti, L and Richter, Charles and Bry, Adam and Roy, Nicholas and Hsia, T C S and Kim, Jin-Sung Jin-Hwan and Kim, Jin-Sung Jin-Hwan and Park, Ji-Mo and Park, Sung-Man and Choe, Won-Yong and Heo, Hoon and Larsen, T D and Andersen, N A and Ravn, O and Poulsen, N K and Leishman, Robert C and Macdonald, John C and Beard, Randal W and McLain, Timothy W and Leishman, Robert C and Beard, Randal W and McLain, Timothy W and Palunko, Ivana and Fierro, Rafael and {PrimeSense.} and Sucan, Ioan A and Chitta, Sachin and Furrer, Fadri and Burri, Michael and Achtelik, Markus et al. and Siegwart, Roland and Goldstein, H and Poole, C P and Safko, J L and Woolsey, C A and Leonard, N E and Qianchen, Yuan and Qingzhen, Zhang and Huiping, Zhang and Edwards, Terry L and Kaplan, Marshall H and Aslanov, V S and Bezglasnyi, S P and Cadou, Christopher and Moulton, Nathan and Menon, Shyam and Moulton, Nathan and Cadou, Christopher and Sharaf, Omar Z and Orhan, Mehmet F and Selby, W and Corke, Peter I and Rus, D and Elfes, A and Bueno, S S and Bergerman, M and De Paiva, E C and Ramos Jr., J G and Azinheira, J R and Bluteau, B and Briand, R and Patrouix, O and Szafranski, G and Czyba, R and B{\L}achuta, M and Astr{\"{o}}m, Karl Johan and Murray, Richard M and Arbanas, B. and Ivanovic, A. and Car, M. and Haus, Tomislav and Orsag, Matko and Petrovic, T. and Bogdan, Stjepan and Prkut, N. and Borovina, K. and Mari{\'{c}}, B. and Orsag, Matko and Bogdan, Stjepan and Korpela, C.M. Christopher M and Orsag, Matko and Jun, Y. and Brahmbhatt, P. and Oh, Paul Y P.Y. and Haus, Tomislav and Orsag, Matko and Bogdan, Stjepan and Korpela, C.M. Christopher M and Bogdan, Stjepan and Oh, Paul Y P.Y. and Orsag, Matko and Oh, Paul Y P.Y. and Korpela, C.M. Christopher M and Oh, Paul Y P.Y. and Orsag, Matko and Pekala, M. and Oh, Paul Y P.Y. and Haus, Tomislav and Palunko, Ivana and Bogdan, Stjepan and Thomas, Justin and Loianno, G and Sreenath, Koushil and Kumar, Vijay and {\textbackslash}cSucan, Ioan A and Moll, Mark and Kavraki, Lydia E and Sreenath, Koushil and Michael, Nathan and Kumar, Vijay and Hoffmann, Gabriel M and Huang, Haomiao and Wasl, Steven L and Tomlin, Er Claire J and Lindsey, Quentin J and Mellinger, Daniel and Kumar, Vijay and Hornung, Armin and Wurm, Kai M and Bennewitz, Maren and Stachniss, Cyrill and Burgard, Wolfram and Karaman, Sertac and Frazzoli, Emilio and Fumagalli, M and Naldi, Roberto and Macchelli, A and Forte, F and Keemink, A Q L and Stramigioli, S and Carloni, R and Marconi, Lorenzo and Fraundorfer, F and Heng, L and Honegger, D and Lee, G H and Meier, L and Tanskanen, P and Pollefeys, M and Huang, Albert S and Bachrach, Abraham and Henry, Peter and Krainin, Michael and Maturana, Daniel and Fox, Dieter and Roy, Nicholas and {N. Michael J. Fink} and Kumar, Vijay and Lindsey, Quentin J and Mellinger, Daniel and Kumar, Vijay and Pounds, PaulE.I. E I and Bersak, DanielR. R and Dollar, AaronM. M and Scholten, J L J and Fumagalli, M and Stramigioli, S and Carloni, R and Kanatani, Kenichi and Liu, Wu and Bouabdallah, S and Murrieri, P and Siegwart, Roland and Arleo, G and Caccavale, F and Muscio, G and Pierri, F and Ponce, Jean and Sullivan, Steve and Sudsang, Attawith and Boissonnat, Jean-daniel and Merlet, Jean-Pierre and Pounds, PaulE.I. E I and Dollar, AaronM. M and Orsag, Matko and Korpela, C.M. Christopher M and Oh, Paul Y P.Y. and Ahmadzadeh, Seyed Reza and Kormushev, Petar and Caldwell, Darwin G and Almeida, F and Lopes, A and Abreu, P and Bourquardez, O and Mahony, Robert E and Guenard, N and Chaumette, F and Hamel, T and Eck, L and Kuindersma, S R and Grupen, R A and Barto, A and Maki, B E and McIlroy, W E and Fernie, G R and Stilman, Mike and Olson, J and Gloss, W and Meyer, Johannes and Sendobry, Alexander and Kohlbrecher, Stefan and Klingauf, Uwe and von Stryk, Oskar and Brock, Oliver and Kemp, C C and Ghadiok, Vaibhav and Goldin, Jeremy and Ren, Wei and LaValle, Steven M and Vahrenkamp, N and Do, M and T., Asfour and R., Dillmann and Aghili, F and Hamner, Bradley and Koterba, Seth C and Shi, Jane and Simmons, Reid and Singh, Sanjiv and Haus, Tomislav and Orsag, Matko and Bogdan, Stjepan and Kolhe, Pushkar and Dantam, Neil and Stilman, Mike and Berenson, Dmitry and Chestnutt, Joe. and Siddharth., Srinivasa and James, Kuffner and Satoshi, Kagami and Hespanha, J P and Jimenez-Cano, A E and Martin, J and Heredia, G and Ollero, Anibal and Cano, R and Keemink, A Q L and Fumagalli, M and Stramigioli, S and Carloni, R and Siciliano, Bruno and Sciavicco, Lorenzo and Villani, Luigi and Oriolo, Giuseppe and Wimbock, T and Nenchev, D N and Albu-Schaffer, Alin and Hirzinger, G and {DARPA} and Alunni, N and Phillips-Grafftin, C and Suay, H B and Lofaro, D and Berenson, Dmitry and Chernova, S and Lindeman, R W and Oh, Paul Y P.Y. and Bernard, Markus and Kondak, Konstantin and Maza, Ivan and Ollero, Anibal and Katz, Dov and Kenney, Jacqueline and Brock, Oliver and Koyanagi, K and Hirukawa, H and Hattori, S and Morisawa, M and Nakaoka, S and Harada, K and Kajita, S and Romero, H and Benosman, R and Lozano, R and Vahrenkamp, N and Berenson, Dmitry and Asfour, T and Kuffner, James and Dillmann, R and Whitcomb, L L and Achtelik, Markus et al. and Bellens, Steven and De Schutter, Joris and Bruyninckx, Herman and Fitzgibbon, A and Pilu, M and Fisher, R B and Hahn, H and Kim, Suseong and Choi, Seungwon Song K and Kim, H Jin and Liu, G J and Goldenberg, A A and Nguyen-Huynh, Thai-Chau and Sharf, I and Schilling, R J and {MIL-STD-101B} and Vande Weghe, M and Ferguson, David and Srinivasa, Siddhartha S and Corke, Peter I and Hara, N and Nenchev, D N and Sun, Qiao and Sato, D and Huber, Felix and Kondak, Konstantin and Krieger, Kai and Sommer, Dominik and Schwarzbach, Marc and Laiacker, Maximilian and Kossyk, Ingo and Parusel, Sven and Haddadin, Sami and Albu-Schaffer, Alin and Ishitsuka, M and Ishii, K and Narli, V and Oh, Paul Y P.Y. and Nenchev, D N and Yoshida, Kazuya and Vichitkulsawat, P and Uchiyama, M and Tsai, L W and Morgan, A P and Yuh, Junku and Zhao, S and Lee, P M and Dimitrov, D N and Yoshida, Kazuya and Fumagalli, M and Naldi, Roberto and Macchelli, A and Carloni, R and Stramigioli, S and Marconi, Lorenzo and Harada, K and Kajita, S and Kaneko, K and Hirukawa, H and Korpela, C.M. Christopher M and Orsag, Matko and Oh, Paul Y P.Y. and Mellinger, Daniel and Kumar, Vijay and Merchant, M P and Pines, Darryll J and Bohorquez, F and Quigley, Morgan and Conley, Ken and Gerkey, Brian P and Faust, Josh and Foote, Tully and Leibs, Jeremy and Wheeler, Rob and Ng, Andrew Y and Strip, D R and Bernard, Markus and Kondak, Konstantin and Broenink, Jan F and Tiernego, Martin L J and Gentili, Luca and Naldi, Roberto and Marconi, Lorenzo and Harada, K and Hirukawa, H and Kanehiro, F and Fujiwara, K and Kaneko, K and Kajita, S and Nakamura, M and Kuntz, Noah R and Oh, Paul Y P.Y. and Pounds, PaulE.I. E I and Mahony, Robert E and Corke, Peter I and Yun, Seung-kook and Pounds, PaulE.I. E I and Bersak, DanielR. R and Dollar, AaronM. M and Abiko, Satoko and Yoshida, Kazuya and Angeles, J and Aristidou, Andreas and Lasenby, Joan and Lippiello, Vincenzo and Ruggiero, Fabio and Mak, Lin C and Furukawa, Tomonari and Maza, Ivan and Kondak, Konstantin and Bernard, Markus and Ollero, Anibal and Michel, O and Wang, Wei. and Li, Yan and Yang, Shaowu and Scherer, SebastianA. and Zell, Andreas and Brock, Oliver and Grupen, R A and Diankov, Rosen and Kuffner, James and Jazar, R N and Kaneko, K and Harada, K and Kanehiro, F and Miyamori, G and Akachi, K and Kuindersma, S R and Hannigan, E and Ruiken, D and Grupen, R A and Thomas, Justin and Polin, Joe and Sreenath, Koushil and Kumar, Vijay and Diankov, Rosen and Kondak, Konstantin and Krieger, Kai and Albu-Schaeffer, Alin and Schwarzbach, Marc and Laiacker, Maximilian and Rodriguez-Castano, Ivan Mazaand Angel and Ollero, Anibal and Korpela, C.M. Christopher M and Danko, Todd W and Oh, Paul Y P.Y. and Marani, Giacomo and Choi, Seungwon Song K and Yuh, Junku and Marconi, Lorenzo and Naldi, Roberto and Gentili, Luca and Mellinger, Daniel and Lindsey, Quentin J and Shomin, Michael and Kumar, Vijay and Miskovic, Nikola and Vukic, Zoran and Bibuli, Marco and Caccia, Massimo and Bruzzone, Gabriele and Shen, Shaojie and Michael, Nathan and Kumar, Vijay and Srinivasa, Siddhartha S and Ferguson, David and Helfrich, Casey and Berenson, Dmitry and Collet Romea, Alvaro and Diankov, Rosen and Gallagher, Garratt and Hollinger, Geoffrey and Kuffner, James and Vandeweghe, J Michael and Srinivasa, Siddhartha S and Dave., Ferguson and J., Kuffner James and Dollar, AaronM. M and Howe, Robert D and Eberli, Daniel and Scaramuzza, Davide and Weiss, Stephan and Siegwart, Roland and Hogan, Neville and Jain, A and Kemp, C C and {Jingguo Wang Yangmin Li} and Zhao, Xinhua and Lippiello, Vincenzo and Ruggiero, Fabio and Mahony, Robert E and Kumar, Vijay and Corke, Peter I and McMillan, Scott and Orin, David E and McGhee, Robert B and Korpela, C.M. Christopher M and Danko, Todd W and Oh, Paul Y P.Y. and Nakada, M and Allen, B and Morishima, S and Terzopoulos, D and Korpela, C.M. Christopher M and Orsag, Matko and Danko, Todd W and Kobe, Bryan and McNeil, Clayton and Pisch, Robert and Oh, Paul Y P.Y.},
    edition = {1st},
    number = {1},
    month = {5},
    pages = {1--7},
    series = {MED '09},
    volume = {4},
    publisher = {Springer Netherlands},
    url = {http://dx.doi.org/10.1109/ROBOT.2009.5152399 http://dx.doi.org/10.1016/j.automatica.2011.09.020 http://www.sciencedirect.com/science/article/pii/S002980180800173X http://books.google.com/books?id=hHS40c6sYucC http://www.ars-journal.com/International-Journ},
    howpublished = {{\textbackslash}url{\{}http://www.youtube.com/watch?v=9TqlA6k6HBY{\}}},
    organization = {IEEE},
    address = {Tokyo, Japan},
    isbn = {978-1-4244-4684-1},
    doi = {10.1109/ACC.2002.1025217},
    issn = {1050-4729},
    keywords = {*file-import-11-05-31, *file-import-11-08-19, 3-DOF robo, ARMAR-III humanoid robot, ARS, AUV, Adaptive control, Aerial manipulation, Aerial robots, Aerodynamics, Aircraft navigation, Algorithm design and analysis, Automatic control, Automation, Bayesian optimization, Brushless DC motors, DC motors, Delay effects, Delay estimation, Dexterous manipulation, Electronic mail, Engines, Equations, F, Filters, Flexible manufacturing systems, Fuses, Gain measurement, Global Positioning System, Golem Krang, HRP-3, Hardware-in-the-loop, Human animation, Humanoid Robotics Platform-3, Hybrid automata, Jacobian transpose-directed rapidly exploring rand, Kalman filter, Kalman filters, Lie algebras, Lyapunov methods, MSC Adams simulation platform, Mathematical model, Micro Aerial Veh, Mobile manipulation, Monocular vision, Multi-UAV load transportation, Multiple UAVs, Multirotor helicopter, Nonlinear control, Observability, Omnidirectional vision, Onboard Vision, PI control law, PUMA 560 robot arm, Path following, Programmable control, Propellers, Quadrotor, Radio control, Robot control, Robust control, Rotors, SLAM (robots), Sens, Sensors, Servomechanisms, Servomotors, State estimation, Target, Testing, Time measurement, Trajectory tracking, UAV, UAVs, Uncertain systems, Uncertainty, Underwater intervention, Unmanned aerial vehicles, accelerometers, adaptive, adaptive control, adaptive reactionles, aerial, aerodynamics, aerodynamics theory, aerospace robotics, aircraft, aircraft control, aircraft landi, algorithmbimanual, and, arm, arm rotation strategy, armar-iiiinverse, asymptotic stability, attitude estimation, attitude measurement, autonomous aerial vehicles, autonomous flight, autonomous standing, autonomous underwater vehicle, auxiliary controller, balance recovery, bidirectional RRT-connect algorithm, biomechanics community, bipedal, brushless DC motors, closed loop systems, collision, collision-free, compliant, computational burden, computational complexity, computational delay, computed torque technique, computer, computer vision, confined spaces, connection relia, control, control algorithm prototyping, control design, control engineering computing, control system synthesis, controlrandom, dblp, delays, descent and landing (spacecraft), design and control, determination, discrete time filters, discrete-time Kalman filter, distributed architecture, drive unit, dual, dual-arm manipulation, dynam, dynamic b, dynamic model, dynamic modelling, dynamically stable, electric brushless direct current motor, electric propulsion, electric propulsion system identification, electric propulsion system modeling, electronic speed controller, engines, entry, extrapolation, filter optimality, filtering theory, flo, four strokes RC engine, gra, graphical user inter, grasp, graspcollision-free, grasping, graspingonline, hand, hardware control architecture, helico, helicopt, helicopters, high level user interface control, humanoid r, i, image processing, inspec, joint position control, kinematicsmotion, kinematicstorque, landing unmanned platform, lazy, manipulation, manipulator dynamic, manipulator dynamics, manipulators, manipulatorshumanoid, measurement, mechanical design, mechanics, mechanism design, mobile rob, mobile robots, modulereachable, motion con, motion control, motioncollision-free, multifingered hands, multiple-input nonlinear model, multiple-output nonlinear model, multirotor unmanned aerial vehicle design, nonlinear control systems, observers, obstacle avoidance, optimal gain, orientation, outdoor autonomous quadrotor, pa, plannergrasp-rrt, plannergrasping, planning, planningnet, planningposition, posedexterous, position, position control, positionhumanoid, processesrobot, propeller, propellers, quadrotor flight, quality, remotely operated vehicles, robot, robot dynamics, robotics platform, robots, robotspath, rotors, rotors (mechanical), rrt, rrt-based, sensing devices, sensor fusion, servo controller, servo systems, servomechanisms, signal-synthesis adaptive controller, single, state estimation, telerobot, time delayed measurements, torqueobject, trajectorydual, underactuated, underactuated robots, unknown-complex environments, unmanned, unstructured environments, user interfaces, vehicle, vehicle dynamics, velocity control, velocity estimation, velocity measurement, vertical take-off, vision, vision measurements}
}

@inproceedings{saha2014,
    title = {{Adaptive teams of autonomous aerial and ground Robots for situational awareness}},
    year = {2007},
    booktitle = {Journal of Field Robotics},
    author = {Hsieh, M. Ani and Cowley, Anthony and Keller, James E. and Chaimowicz, Luiz and Grocholsky, Ben and Kumar, Vijay and Taylor, Camillo J. and Endo, Yoichiro and Arkin, Ronald C. and Jung, Boyoon and Wolf, Denis F. and Sukhatme, Gaurav S. and MacKenzie, Douglas C.},
    edition = {1st},
    number = {11-12},
    month = {5},
    pages = {991--1014},
    series = {VTT science},
    volume = {24},
    publisher = {IEEE},
    url = {http://dx.doi.org/10.1109/ROBOT.2009.5152399 http://dx.doi.org/10.1016/j.automatica.2011.09.020 http://www.sciencedirect.com/science/article/pii/S002980180800173X http://books.google.com/books?id=hHS40c6sYucC http://www.ars-journal.com/International-Journ},
    howpublished = {[Online] Available: http://moveit.ros.org},
    organization = {IEEE},
    address = {Tokyo, Japan},
    isbn = {9783902661623},
    doi = {10.1002/rob.20222},
    issn = {15564959},
    pmid = {22164016},
    arxivId = {10.1.1.91.5767},
    keywords = {*file-import-11-05-31, *file-import-11-08-19, 3-DOF robo, ARMAR-III humanoid robot, ARS, AUV, Aerial manipulation, Automatic control, Bayesian optimization, Collaborative, Dexterous manipulation, F, Flexible manufacturing systems, Global Positioning System, Golem Krang, HRP-3, Hardware-in-the-loop, Human animation, Humanoid Robotics Platform-3, Hybrid automata, Jacobian transpose-directed rapidly exploring rand, Lie algebras, Lyapunov methods, MSC Adams simulation platform, Markov processes, Micro Aerial Veh, Mobile manipulation, Monocular vision, Multi-UAV load transportation, Multi-robot teams, Multiple UAVs, Nonlinear control, Onboard Vision, PI control law, Path following, Path planning, SLAM (robots), Sens, Task scheduling, Trajectory tracking, UAV, UAVs, UGV, Underwater intervention, actuators, adaptive, adaptive control, adaptive reactionles, aerial, aerodynamics, aerospace robotics, aircraft, aircraft control, aircraft landi, algorithmbimanual, and, arm, arm rotation strategy, armar-iiiinverse, asymptotic stability, automata theory, autonomous aerial vehicles, autonomous standing, autonomous underwater vehicle, balance recovery, behavior synthesis, bidirectional RRT-connect algorithm, biomechanics community, bipedal, blades, closed loop systems, collision, collision-free, compliant, computed torque technique, computer, computer vision, connection relia, constraint handling, control, control engineering computing, control system synthesis, controlrandom, dblp, dece, decentra, design and control, determination, dual, dual-arm manipulation, dynam, dynamic b, dynamically stable, emergency services, flo, force control, gra, graphical user inter, grasp, graspcollision-free, grasping, graspingonline, hand, haza, helico, helicopt, helicopters, humanoid r, i, image processing, inspec, kinematicsmotion, kinematicstorque, lazy, manipulation, manipulator dynamic, manipulator dynamics, manipulators, manipulatorshumanoid, measurement, mechanics, mechanism design, mobile rob, mobile robots, modulereachable, motion con, motion control, motioncollision-free, multi-robot syst, multifingered hands, observers, orientation, pa, plannergrasp-rrt, plannergrasping, planning, planningnet, planningposition, posedexterous, position, positionhumanoid, processesrobot, quality, remotely operated vehicles, robot, robotspath, rotors, rrt, rrt-based, servomechanisms, single, telerobot, torqueobject, trajectorydual, underactuated, underactuated robots, unmanned, unstructured environments, vehicle, vision}
}

@article{Alexis2016,
    title = {{Aerial robotic contact-based inspection: planning and control}},
    year = {2016},
    journal = {Autonomous Robots},
    author = {Alexis, Kostas and Darivianakis, Georgios and Burri, Michael and Siegwart, Roland},
    number = {4},
    pages = {631--655},
    volume = {40},
    url = {https://doi.org/10.1007/s10514-015-9485-5},
    doi = {10.1007/s10514-015-9485-5},
    issn = {1573-7527}
}

@inproceedings{Jimenez-Cano2013,
    title = {{Control of an aerial robot with multi-link arm for assembly tasks}},
    year = {2013},
    booktitle = {Proceedings - IEEE International Conference on Robotics and Automation},
    author = {Jimenez-Cano, A. E. and Martin, J. and Heredia, G. and Ollero, A. and Cano, R.},
    month = {5},
    pages = {4916--4921},
    publisher = {IEEE},
    url = {http://ieeexplore.ieee.org/document/6631279/},
    isbn = {9781467356411},
    doi = {10.1109/ICRA.2013.6631279},
    issn = {10504729},
    keywords = {Aerial robotics, aerial manipulation, quadrotor nonlinear control}
}

@inproceedings{Tsukagoshi2015,
    title = {{Aerial manipulator with perching and door-opening capability}},
    year = {2015},
    booktitle = {2015 IEEE International Conference on Robotics and Automation (ICRA)},
    author = {Tsukagoshi, H and Watanabe, M and Hamada, T and Ashlih, D and Iizuka, R},
    pages = {4663--4668},
    doi = {10.1109/ICRA.2015.7139845},
    issn = {1050-4729},
    keywords = {autonomous aerial vehicles;manipulators;mobile rob}
}

@inproceedings{bermes2008new,
    title = {{New design of the steering mechanism for a mini coaxial helicopter}},
    year = {2008},
    booktitle = {Intelligent Robots and Systems, 2008. IROS 2008. IEEE/RSJ International Conference on},
    author = {Bermes, Christian and Leutenegger, Stefan and Bouabdallah, Samir and Schafroth, Dario and Siegwart, Roland},
    pages = {1236--1241},
    organization = {IEEE}
}

@article{Bibuli2007Path-followingVehicle,
    title = {{Path-following algorithms and experiments for an autonomous surface vehicle}},
    year = {2007},
    journal = {IFAC Proceedings Volumes (IFAC-PapersOnline)},
    author = {Bibuli, Marco and Caccia, Massimo and Lapierre, Lionel},
    number = {PART 1},
    pages = {81--86},
    volume = {7},
    isbn = {9783902661623},
    doi = {10.1002/rob},
    issn = {14746670},
    keywords = {Backstepping, Non-linear control, Path-following}
}

@book{EditorSystemsApplications,
    title = {{Systems {\&} Control : Foundations {\&} Applications}},
    author = {Editor, Series and Board, Editorial},
    isbn = {0817642978}
}

@book{Gehring2010UndergraduateMathematics,
    title = {{Undergraduate Texts in Mathematics}},
    year = {2010},
    booktitle = {Media},
    author = {Gehring, F W and Halmos, P R and Deprima, C and Herstein, I and Kiefer, J and Leveque, W},
    number = {1},
    pages = {1994--1994},
    volume = {51},
    url = {http://www.amazon.com/dp/1441970223},
    isbn = {3540901639},
    doi = {10.1007/978-0-387-92712-1}
}

@article{Umetani1989ResolvedMatrix,
    title = {{Resolved motion rate control of space manipulators with generalized{\textbackslash}nJacobian matrix}},
    year = {1989},
    journal = {IEEE Transactions on Robotics and Automation},
    author = {Umetani, Y. and Yoshida, K.},
    number = {3},
    pages = {2--12},
    volume = {5},
    isbn = {1042-296X},
    doi = {10.1109/70.34766},
    issn = {1042-296X}
}

@article{Sciences1999UniversityTwente,
    title = {{University of Twente}},
    year = {1999},
    journal = {Sciences-New York},
    author = {Sciences, Mathematical and Sciences, Mathematical},
    number = {1508}
}

@article{BblNoTitle,
    title = {{No Title}},
    author = {Bbl, Rochester}
}

@article{Morse1996SupervisoryMatching,
    title = {{Supervisory control of families of linear set-point controllers-part 1 : exact matching}},
    year = {1996},
    journal = {IEEE Transactions on Automatic Control},
    author = {Morse, a Stephen},
    number = {10},
    pages = {1413--1431},
    volume = {41}
}

@article{Nguyen2013AdaptiveModification,
    title = {{Adaptive Control for Linear Uncertain Systems with Unmodeled Dynamics Revisited via Optimal Control Modification}},
    year = {2013},
    author = {Nguyen, Nhan and Field, Moffett},
    isbn = {9781624102240}
}

@misc{Levine2011ControlMethods,
    title = {{Control System Advanced Methods}},
    year = {2011},
    author = {Levine, William S.},
    pages = {1 - 1702},
    isbn = {978-1-4200-7364-5},
    doi = {10.1201/b10383}
}

@article{DynamicsNoTitle,
    title = {{No Title}},
    author = {Dynamics, Helicopter}
}

@article{Olsson1998FrictionCompensation,
    title = {{Friction Models and Friction Compensation}},
    year = {1998},
    journal = {European Journal of Control},
    author = {Olsson, H. and {\AA}str{\"{o}}m, Kj K.J. and Canudas de Wit, C. and G{\"{a}}fvert, M. and Lischinsky, P.},
    number = {3},
    pages = {176--195},
    volume = {4},
    url = {http://www.sciencedirect.com/science/article/pii/S094735809870113X},
    isbn = {0947-3580},
    doi = {10.1016/S0947-3580(98)70113-X},
    issn = {09473580},
    keywords = {Friction, Friction compensation, Models, Observers, Passivity}
}

@article{Dydek2010AdaptiveSystems,
    title = {{Adaptive control of Unmanned Aerial Systems}},
    year = {2010},
    author = {Dydek, Zt},
    number = {2005},
    url = {http://dspace.mit.edu/handle/1721.1/62324}
}

@article{ControlAutonomousControl,
    title = {{Autonomous Robots Aerial Robotic Contact-based Inspection : Planning and Control}},
    author = {Control, Flight and Interaction, Physical and Robots, Aerial}
}

@article{BernardAutonomousWith,
    title = {{Autonomous Transportation and Deployment with}},
    author = {Bernard, Markus and Kondak, Konstantin and Maza, Ivan and Ollero, Anibal},
    number = {6},
    volume = {28},
    isbn = {9783902661623},
    doi = {10.1002/rob},
    issn = {14746670}
}

@misc{Introduction1989Decentralized:,
    title = {{Decentralized Adaptive Control of Manipulators :}},
    year = {1989},
    booktitle = {Robotics},
    author = {Introduction, I},
    number = {2},
    volume = {5}
}

@article{Pounds2011UAVSimulation,
    title = {{UAV rotorcraft in compliant contact: Stability analysis and simulation}},
    year = {2011},
    journal = {IEEE International Conference on Intelligent Robots and Systems},
    author = {Pounds, Paul E I and Dollar, Aaron M.},
    pages = {2660--2667},
    isbn = {9781612844541},
    doi = {10.1109/IROS.2011.6048847},
    issn = {2153-0858}
}

@article{Rahul2009ModelingQuadrotor,
    title = {{Modeling, Simulation and Flight Testing of an Autonomous Quadrotor}},
    year = {2009},
    journal = {Proceedings of ICEAE},
    author = {Rahul, Goela and Shahb, Sapan M. and Guptac, Nitin K. and Ananthkrishnan, N},
    pages = {31â36},
    keywords = {automation, autopilot, control, dynamics, modeling, quadrotor, simulation}
}

@article{Forte2014OnEnvironment,
    title = {{On the Control of an Aerial Manipulator Interacting with the Environment}},
    year = {2014},
    author = {Forte, Francesco and Naldi, Roberto and Macchelli, Alessandro and Marconi, Lorenzo}
}

@article{Mersha2014ExploitingUAVs,
    title = {{Exploiting the Dynamics of a Robotic Manipulator for Control of UAVs}},
    year = {2014},
    author = {Mersha, Abeje Y and Stramigioli, Stefano and Carloni, Raffaella},
    pages = {1741--1746},
    isbn = {9781479936847},
    doi = {10.1109/ICRA.2014.6907086},
    issn = {10504729}
}

@article{Pounds2009DesignApplications,
    title = {{Design principles of large quadrotors for practical applications}},
    year = {2009},
    journal = {Proceedings - IEEE International Conference on Robotics and Automation},
    author = {Pounds, Paul and Mahony, Robert},
    pages = {3265--3270},
    isbn = {9781424427895},
    doi = {10.1109/ROBOT.2009.5152390},
    issn = {10504729}
}

@article{Liberzon1999StabilityCondition,
    title = {{Stability of switched systems : a Lie-algebraic condition}},
    year = {1999},
    author = {Liberzon, Daniel and Hespanha, P and Morse, A Stephen},
    pages = {117--122},
    volume = {37},
    keywords = {quadratic common lyapunov function, switched system, uniform exponential stability}
}

@article{Marconi2012ControlFan,
    title = {{Control of aerial robots: Hybrid force and position feedback for a ducted fan}},
    year = {2012},
    journal = {IEEE Control Systems},
    author = {Marconi, L. and Naldi, R.},
    number = {4},
    pages = {43--65},
    volume = {32},
    doi = {10.1109/MCS.2012.2194841},
    issn = {1066033X}
}

@book{Landau1998AdaptiveControl,
    title = {{Adaptive Control}},
    year = {1998},
    author = {Landau, I D and Lozano, R and M'Saad, M},
    isbn = {978-0-85729-663-4},
    doi = {10.1007/978-0-85729-664-1}
}

@book{Bogdan2006AdvancesControl,
    title = {{Advances in Industrial Control}},
    year = {2006},
    booktitle = {Surrey, Springer-Verlag(London), 2006. {\ldots}},
    author = {Bogdan, S and Lewis, Fl and Kovacic, Z and Jr, J Mireles},
    url = {http://scholar.google.com/scholar?hl=en&btnG=Search&q=intitle:Advances+in+Industrial+Control#0},
    isbn = {1852338288}
}

@article{Beard2008QuadrotorControl,
    title = {{Quadrotor dynamics and control}},
    year = {2008},
    journal = {Brigham Young University},
    author = {Beard, Rw},
    pages = {1--47},
    url = {http://image.ednchina.com/GROUP/uploadfile/201304/20130429210226589.pdf}
}

@article{Shorten2007StabilitySystems,
    title = {{Stability Criteria for Switched and Hybrid Systems}},
    year = {2007},
    journal = {SIAM Review},
    author = {Shorten, Robert and Wirth, Fabian and Mason, Oliver and Wulff, Kai and King, Christopher},
    number = {4},
    pages = {545--592},
    volume = {49},
    doi = {10.1137/05063516X},
    issn = {0036-1445},
    keywords = {34d08, 34d10, 37b25, 37c75, 93-01, 93d09, 93d30, ams subject index, common quadratic lyapunov functions, converse lyapunov, dwell time, e problem, growth rates, hybrid systems, lur, stability, stability radii, switched systems, theorem}
}

@book{SystemsNoTitle,
    title = {{No Title}},
    author = {Systems, Hybrid Dynamical},
    isbn = {9780691153896}
}

@article{Ioannou1996RobustControl,
    title = {{Robust Adaptive Control}},
    year = {1996},
    journal = {N/a},
    author = {Ioannou, Petros a. and Sun, Jing and List, Preface},
    pages = {821},
    volume = {N/A},
    url = {http://www-rcf.usc.edu/~ioannou/Robust_Adaptive_Control.htm},
    isbn = {0486498174 <a href="javascript:" cref="CitaviPicker0486498174"><img style="border: 0px none;height: px;" src="data:image/png;base64,iVBORw0KGgoAAAANSUhEUgAAABAAAAAQCAYAAAAf8/9hAAAAGXRFWHRTb2Z0d2FyZQBBZG9iZSBJbWFnZVJlYWR5ccllPAAAAsZJREFUeNpkU11IFVEQ/s7u5k/},
    keywords = {Adaptive, Control, Introduction}
}

@article{Ratner2006AerialOperations,
    title = {{Aerial tethered robotic system with hovering-hopping agents for security and rescue operations}},
    year = {2006},
    journal = {AUVSI's Unmanned Systems North America Conference - Unmanned Systems,},
    author = {Ratner, D.},
    number = {5},
    pages = {25},
    url = {http://www.uow.edu.au/~phillip/rolab/Flight/AerialRobots.pdf}
}

@misc{Levine2011ControlFundamentals,
    title = {{Control System Fundamentals}},
    year = {2011},
    author = {Levine, William S.},
    pages = {7--8},
    isbn = {13:978-1-4200-7363-8},
    doi = {10 9 8 7 6 5 4 3 2 1},
    pmid = {16324789}
}

@article{Besant2009ProducedOpti,
    title = {{Produced by K . F . Greiner , Joshua Hutchinson , Nigel Blower and the Online Distributed Proofreading Team at http://www.pgdp.net ( This file was produced from images generously made available by Cornell University Digital Collections ) This file is opti}},
    year = {2009},
    author = {Besant, W H},
    keywords = {K.F. Greiner, Joshua Hutchinson, Nigel Blower, Pro}
}

@article{Weinstein2006DynamicCollision,
    title = {{Dynamic simulation of articulated rigid bodies with contact and collision}},
    year = {2006},
    journal = {IEEE Transactions on Visualization and Computer Graphics},
    author = {Weinstein, Rachel and Teran, Joseph and Fedkiw, Ron},
    number = {3},
    pages = {365--374},
    volume = {12},
    doi = {10.1109/TVCG.2006.48},
    issn = {10772626},
    pmid = {16640250},
    keywords = {Animation, Computer graphics, Kinematics and dynamics, Physically-based modeling}
}

@book{Siciliano2009Robotics:Control,
    title = {{Robotics: Modelling, Planning and Control}},
    year = {2009},
    booktitle = {Soft Computing},
    author = {Siciliano, Bruno and Sciavicco, Lorenzo and Villani, Luigi and Oriolo, Giuseppe},
    pages = {632},
    url = {http://books.google.com/books?hl=en&amp;lr=&amp;id=jPCAFmE-logC&amp;oi=fnd&amp;pg=PR8&amp;dq=Robotics+-+Modelling+Planning+and+Control&amp;ots=3TMi0jIsuu&amp;sig=VoMpDiIASZGcrAg7juLabQszoqE},
    isbn = {9781846286414},
    doi = {10.1007/978-1-84628-642-1},
    issn = {0009-4978}
}

@article{Colaneri2009DwellSystems,
    title = {{Dwell time analysis of deterministic and stochastic switched systems}},
    year = {2009},
    author = {Colaneri, Patrizio and Milano, Politecnico and Leonardo, Piazza},
    keywords = {by an external source, dwell time, linear switched systems, markov jump systems, stability of, study is basically limited, systems, to continuous-time piecewise linear, where switches are generated}
}

@article{Colaneri2012AnalysisSystems,
    title = {{Analysis and Control of Linear Switching Systems}},
    year = {2012},
    author = {Colaneri, Patrizio},
    pages = {75}
}

@article{HuNonlinearFunctions,
    title = {{Nonlinear Control Design for Linear Differential Inclusions via Convex Hull Quadratic Lyapunov Functions}},
    author = {Hu, Tingshu},
    keywords = {linear differential inclusion, lyapunov functions, nonlinear feedback, robust performance, robust stability}
}

@book{Filippov1988DifferentialSide,
    title = {{Differential equations with discontinuous right-hand side}},
    year = {1988},
    booktitle = {Matematicheskii sbornik},
    author = {Filippov, Aleksei Fedorovich},
    pages = {326},
    url = {http://www.mathnet.ru/eng/sm4807},
    isbn = {902772699X}
}

@article{Pounds2004TowardsRobots,
    title = {{Towards Dynamically-Favourable Quad-Rotor Aerial Robots}},
    year = {2004},
    journal = {Australasian Conference on Robotics and Automation},
    author = {Pounds, Paul and Mahony, Robert and Gresham, Joel and Corke, Peter and Roberts, Jonathan},
    pages = {10},
    url = {http://citeseerx.ist.psu.edu/viewdoc/download?doi=10.1.1.124.8460&amp;rep=rep1&amp;type=pdf},
    isbn = {0-9587583-6-0}
}

@article{Bihlmaier2016RobotROS,
    title = {{Robot Operating System (ROS)}},
    year = {2016},
    author = {Bihlmaier, Andreas and W{\"{o}}rn, Heinz},
    volume = {625},
    url = {http://link.springer.com/10.1007/978-3-319-26054-9},
    isbn = {978-3-319-26052-5},
    doi = {10.1007/978-3-319-26054-9},
    issn = {1860949X},
    keywords = {education, general introduction, hands-on learning}
}

@book{Board2004SpringerSeries,
    title = {{Springer Undergraduate Mathematics Series}},
    year = {2004},
    booktitle = {Numerical Methods for Partial Differential Equations},
    author = {Board, Advisory},
    number = {2},
    pages = {201},
    volume = {79},
    url = {http://books.google.com/books?hl=en&amp;lr=&amp;id=OyD4toi-XDIC&amp;oi=fnd&amp;pg=PA2&amp;dq=Game+theory+:+Decisions,+Interactions+and+Evolution&amp;ots=TfgJJReigk&amp;sig=AnVOJ8VTGk60lUCldvLrPPnrJD4},
    isbn = {9781846280405},
    doi = {10.1086/423055},
    issn = {00255572}
}

@book{Liu2010OfRobotics,
    title = {{of Robotics}},
    year = {2010},
    author = {Liu, Eric Zhi-feng},
    number = {3},
    pages = {44--47},
    volume = {41},
    isbn = {9783540239574},
    doi = {10.1111/j.1467-8535.2009.00944.x},
    issn = {00071013}
}

@article{Khalil2004General,
    title = {{General Solution for the Dynamic Modeling of Parallel Robots *}},
    year = {2004},
    journal = {Journal of Intelligent and Robotic Systems},
    author = {Khalil, Wisama and Ibrahim, Ouarda and S, Irccyn U M R C N R},
    number = {April},
    pages = {19--37},
    volume = {49},
    isbn = {0780382323},
    doi = {10.1007/s10846-007-9137-x},
    issn = {0921-0296},
    keywords = {complex structures, dynamic modeling, jacobian matrix, parallel robots, simulation}
}

@article{Kane2005DynamicsApplications,
    title = {{Dynamics Theory and Applications}},
    year = {2005},
    author = {Kane, Thomas R and Levinson, David a},
    pages = {402},
    isbn = {0070378460},
    doi = {10.1016/0094-114X(86)90059-5},
    issn = {0094114X}
}

@article{Member1983245If,
    title = {{245 If}},
    year = {1983},
    author = {Member, Charles A Klein},
    number = {3},
    pages = {245--250},
    volume = {C}
}

@article{Kumar1981TheManipulator,
    title = {{The Workspaces of a Mechanical Manipulator}},
    year = {1981},
    journal = {Journal of Mechanical Design},
    author = {Kumar, A. and Waldron, K. J.},
    number = {3},
    pages = {665},
    volume = {103},
    url = {http://dx.doi.org/10.1115/1.3254968\nhttp://mechanicaldesign.asmedigitalcollection.asme.org/article.aspx?articleid=1451561},
    isbn = {0161-8458},
    doi = {10.1115/1.3254968},
    issn = {10500472}
}

@article{Michini2009L1Testing,
    title = {{L1 adaptive control for indoor autonomous vehicles: Design process and flight testing}},
    year = {2009},
    journal = {Proceeding of AIAA Guidance, Navigation, and {\ldots}},
    author = {Michini, Buddy and How, Jonathan P},
    number = {August},
    pages = {1--15},
    url = {http://arc.aiaa.org/doi/pdf/10.2514/6.2009-5754},
    isbn = {978-1-60086-978-5},
    doi = {10.2514/6.2009-5754}
}

@article{Magnussen2014MulticopterOptimization,
    title = {{Multicopter UAV design optimization}},
    year = {2014},
    journal = {MESA 2014 - 10th IEEE/ASME International Conference on Mechatronic and Embedded Systems and Applications, Conference Proceedings},
    author = {Magnussen, Ãyvind and Hovland, Geir and Ottestad, Morten},
    isbn = {9781479922802},
    doi = {10.1109/MESA.2014.6935598},
    issn = {1083-4435}
}

@book{Gu2005AdvancedProcessing,
    title = {{Advanced Textbooks in Control and Signal Processing}},
    year = {2005},
    booktitle = {Soft Computing},
    author = {Gu, D. W and Petkov, P. Hr and Konstantinov, M. M.},
    pages = {392},
    isbn = {9781852339838},
    doi = {10.1007/b135806},
    issn = {1098-6596},
    pmid = {25246403},
    arxivId = {arXiv:1011.1669v3},
    keywords = {matlab, robust control, robust control design}
}

@inproceedings{Varga2008UpravljanjeSustavu,
    title = {{Upravljanje maketom lebdjelice zasnovano na AHRS sustavu}},
    year = {2008},
    booktitle = {MIPRO 2008 - 31st International Convention Proceedings: Computers in Technical Systems and Intelligent Systems},
    author = {Varga, M. and Orsag, M. and Bogdan, S.},
    number = {},
    volume = {3},
    isbn = {9789532330380}
}

@inproceedings{Haus2013OmnidirectionalSpincopter,
    title = {{Omnidirectional vision based surveillance with the spincopter}},
    year = {2013},
    booktitle = {2013 International Conference on Unmanned Aircraft Systems, ICUAS 2013 - Conference Proceedings},
    author = {Haus, T. and Orsag, M. and Bogdan, S.},
    number = {},
    volume = {},
    isbn = {9781479908172},
    doi = {10.1109/ICUAS.2013.6564705}
}

@inproceedings{Haus2017IdentificationSystem,
    title = {{Identification results of an internal combustion engine as a quadrotor propulsion system}},
    year = {2017},
    booktitle = {2017 25th Mediterranean Conference on Control and Automation, MED 2017},
    author = {Haus, T. and Car, M. and Orsag, M. and Bogdan, S.},
    number = {},
    volume = {},
    isbn = {9781509045334},
    doi = {10.1109/MED.2017.7984202}
}

@inproceedings{Korpela2014InsertionManipulator,
    title = {{Insertion tasks using an aerial manipulator}},
    year = {2014},
    booktitle = {IEEE Conference on Technologies for Practical Robot Applications, TePRA},
    author = {Korpela, C. and Orsag, M. and Danko, T. and Oh, P.},
    number = {},
    volume = {},
    isbn = {9781479946051},
    doi = {10.1109/TePRA.2014.6869148},
    issn = {23250534}
}

@inproceedings{Orsag2017Human-in-the-loopSystems,
    title = {{Human-in-the-loop control of multi-agent aerial systems}},
    year = {2017},
    booktitle = {2016 European Control Conference, ECC 2016},
    author = {Orsag, M. and Haus, T. and Toli{\'{c}}, D. and Ivanovi{\'{c}}, A. and Car, M. and Palunko, I. and Bogdan, S.},
    number = {},
    volume = {},
    isbn = {9781509025916},
    doi = {10.1109/ECC.2016.7810608}
}